2725 3759
550 234 723 282 umnam.
1126 221 1169 285 39

115 402 226 483 procul
236 402 388 465 constitui
400 402 557 477 viderunt,
568 401 704 480 primum
720 401 857 463 inridere
871 421 911 463 ex
924 422 1013 464 muro
1023 409 1118 481 atque

115 500 304 580 increpitare
314 500 452 575 vocibus,
464 499 549 577 quod
557 504 648 558 tanta
658 498 851 558 machinatio
862 500 901 559 ab
911 506 1001 560 tanto
1015 500 1119 577 spatio

114 598 344 658 instrueretur:
377 596 565 675 quibusnam
595 595 739 655 manibus
770 601 826 655 aut
856 596 970 672 quibus
996 597 1118 656 viribus

115 693 303 772 praesertim
321 694 464 754 homines
485 692 628 752 tantulae
647 698 918 752 staturae—uam
934 694 1119 772 plerumque

115 790 295 850 hominibus
321 787 424 851 Gallis
452 808 527 868 prae
554 787 772 866 magnitudine
799 808 963 866 corporum
991 808 1154 863 suorum5

115 887 255 972 brevitas
276 893 385 947 nostra
404 886 599 964 contemptui
619 885 811 946 est—tanti
828 886 932 946 oneris
950 886 1065 946 turrim
1084 886 1119 946 in

115 1003 206 1044 muro
220 1003 289 1045 sese
302 984 464 1044 conlocare
477 983 697 1043 confiderent?

157 1080 211 1147 31.
241 1081 308 1141 Ubi
322 1100 397 1140 vero
411 1080 530 1139 moveri
544 1085 577 1139 et
590 1081 842 1159 adpropinquare
858 1080 1021 1140 moenibus
1034 1080 1120 1140 vide·

116 1184 200 1254 runt,
225 1196 308 1238 nova
334 1183 429 1254 atque
456 1177 610 1237 inusitata
633 1176 738 1254 specie
761 1176 910 1237 commoti
933 1177 1054 1254 legatos
1078 1178 1119 1237 ad

116 1276 282 1337 Caesarem
302 1275 341 1335 de
362 1292 438 1352 pace
458 1274 622 1348 miserunt,
638 1274 693 1351 qui
708 1274 748 1333 ad
761 1273 846 1333 hunc
859 1274 987 1334 modum
1000 1274 1116 1335 locuti:
1141 1295 1169 1327 10

118 1373 209 1432 ‘Non
222 1371 402 1431 existimare
416 1371 575 1429 Romanos
590 1370 658 1429 sine
673 1389 732 1448 ope
746 1370 855 1430 diviua
869 1369 985 1430 bellum
1001 1389 1117 1447 gerere,

117 1470 172 1547 qui
188 1474 297 1529 tautae
310 1467 490 1527 altitudinis
506 1467 753 1527 machinationes
767 1473 859 1527 tanta
872 1467 1033 1527 celeritate
1051 1487 1120 1546 pro-

116 1585 242 1626 movere
263 1570 408 1643 posseut3
438 1583 472 1624 se
494 1584 612 1643 suaque
632 1565 739 1624 omnia
751 1584 858 1624 eorum
880 1565 1031 1643 potestati
1052 1585 1119 1644 per·

116 1662 260 1722 mittere'
275 1661 432 1722 dixerunt.
477 1664 605 1722 ‘Unum'
617 1669 723 1739 petere
736 1681 773 1721 ao
786 1663 964 1740 deprecari:
987 1663 1016 1722 si
1033 1664 1118 1723 forte

116 1779 174 1838 pro
195 1778 254 1819 sua
273 1759 440 1819 clementia
460 1778 496 1818 ac
518 1760 768 1835 mansuetudine,
788 1779 883 1837 qnam
903 1760 965 1837 ipsi
986 1761 1026 1819 ab
1045 1760 1118 1820 aliis
1141 1783 1167 1831 ις

116 1857 272 1932 audirent,
289 1856 456 1917 statuisset
474 1857 655 1916 Aduatucos
677 1875 746 1916 esse
767 1858 1006 1932 conservandos,
1023 1875 1064 1916 ne
1084 1875 1117 1916 se

116 1955 212 2014 armis
239 1954 437 2032 despoliaret.
487 1954 554 2013 Sibi
581 1972 690 2013 omnes
715 1954 782 2013 fere
806 1953 957 2014 finitimos
980 1972 1050 2014 esse
1073 1953 1119 2012 in-

116 2052 226 2112 imicos
247 2071 284 2111 ac
305 2070 380 2111 suae
400 2051 514 2111 virtuti
535 2051 696 2125 invidere3
722 2051 873 2128 aquibus
894 2068 928 2110 se
949 2050 1118 2110 defendere

116 2149 244 2208 traditis
269 2148 364 2207 armis
388 2167 453 2206 non
478 2154 614 2226 possent.
657 2148 725 2207 Sibi
748 2155 916 2225 praestare,
940 2148 968 2206 si
990 2147 1025 2206 in
1045 2166 1118 2207 eum

117 2265 223 2305 casum
235 2246 471 2319 deducerentur,
483 2245 626 2322 quamvis
637 2246 799 2304 fortunam
813 2264 832 2304 a
846 2243 961 2321 populo
975 2244 1118 2304 Romano
1140 2273 1169 2305 ιο

117 2342 194 2421 pati,
224 2361 318 2419 quam
345 2342 385 2400 ab
408 2341 460 2401 his
485 2361 540 2419 per
564 2341 737 2402 cruciatum
762 2339 906 2416 interfici,
932 2340 1016 2400 inter
1039 2360 1117 2418 quos

117 2438 272 2498 dominari
297 2439 520 2497 consuessent?

159 2535 217 2601 32.
246 2534 298 2593 Ad
318 2535 394 2594 haec
415 2535 530 2596 Caesar
551 2534 728 2612 respondit:
749 2529 935 2612 '‘Se'magis
956 2539 1120 2594 consuetu·

117 2631 191 2690 diue
205 2650 263 2691 sua
276 2650 369 2708 quarn
384 2632 496 2691 merito
511 2651 618 2690 eorum
632 2631 795 2690 civitatem
808 2639 1075 2706 conservaturum,
1089 2631 1119 2690 si

117 2729 205 2806 prius
226 2748 320 2806 quarn
341 2748 466 2788 murum
486 2729 567 2789 aries
587 2728 748 2804 attigisset
767 2747 802 2788 se
822 2728 1035 2804 dedidissent,
1062 2729 1119 2788 sed
1139 2753 1166 2800 25

117 2824 286 2884 deditionis
307 2825 428 2884 nullam
453 2844 521 2885 esse
545 2825 760 2885 condicionem
782 2825 843 2884 nisi
863 2826 958 2885 armis
979 2826 1115 2885 traditis.

118 2922 158 2981 Se
186 2922 219 2981 id
246 2924 330 2999 quod
357 2922 390 2980 in
417 2923 545 2982 Nerviis
575 2923 704 2982 fecisset
728 2922 885 2983 facturum
909 2923 1117 3001 finitimisque

116 3019 352 3095 imperaturum,
364 3038 509 3097 nequam
521 3019 681 3079 dediticiis
697 3020 805 3097 populi
820 3020 954 3078 Romani
969 3020 1116 3079 iniuriam

116 3114 291 3175 inferrent.'
346 3118 394 3176 Re
421 3117 569 3176 nuntiata
597 3118 638 3176 ad
668 3136 750 3190 suos,
779 3136 859 3193 quae
886 3117 1117 3193 imperarentur

116 3211 219 3271 facere
234 3212 390 3272 dixerunt.
433 3213 601 3272 Armorum
615 3233 728 3289 magna
742 3213 945 3271 multitudine
966 3215 1006 3272 de
1028 3233 1115 3273 muro
1137 3238 1167 3282 30

116 3307 151 3366 in
174 3309 293 3369 fossam
316 3329 396 3387 quae
420 3316 488 3370 erat
512 3318 586 3369 ante
610 3311 761 3387 oppidum
785 3310 868 3368 iacta
890 3309 936 3369 sic
959 3316 996 3369 ut
1018 3330 1115 3389 prope

116 3424 270 3465 summam
291 3407 373 3465 muri
396 3407 580 3485 aggerisque
605 3406 807 3465 altitudinem
830 3406 935 3465 acervi
958 3426 1115 3466 armorum
