2725 3759
633 209 744 256 mene
766 209 805 254 11.
1210 193 1253 256 35

240 374 297 440 23.
328 363 475 451 Legionis
490 394 590 434 nonae
611 364 644 434 et
665 375 805 434 decimae
818 375 945 450 milites,
962 381 998 433 ut
1019 375 1052 433 in
1072 376 1202 436 sinistra

197 479 287 550 parte
302 471 367 531 acie
382 471 599 547 constiterant,
615 472 690 549 pilis
706 471 839 546 emissis,
855 490 948 530 cursu
963 491 998 531 ac
1012 472 1201 532 lassitudine

198 569 392 628 exanimatos
406 569 651 646 vulneribusque
665 569 825 628 confectos
836 568 1005 628 Atrebates
1014 588 1135 627 -nam
1150 569 1200 628 his

198 685 236 726 ea
259 685 331 744 pars
355 666 726 726 obvenerat-celeriter
747 684 787 724 ex
810 664 879 725 loco
904 666 1064 743 superiore
1089 666 1122 724 in
1148 665 1201 725 flu·

198 782 271 823 men
294 762 512 841 compulerunt
536 770 568 822 et
592 762 728 822 transire
752 768 901 822 conantes
925 762 1061 822 insecuti
1086 762 1199 839 gladiis
1226 788 1236 836 5

197 880 341 937 magnam
366 867 487 938 partem
512 879 619 920 eorum
642 860 827 937 impeditam
853 859 1089 919 interfecerunt.
1132 860 1200 937 Ipsi

197 958 333 1017 transire
353 957 470 1016 flumen
491 976 554 1017 non
575 957 810 1031 dubitaverunt,
826 962 859 1016 et
879 956 913 1014 in
933 956 1036 1016 locum
1056 956 1200 1034 iniquum

197 1054 363 1133 progressi,
381 1072 489 1114 rursus
511 1053 696 1114 resistentes
718 1053 825 1112 hostes
847 1053 1059 1129 redintegrato
1081 1053 1200 1130 proelio

197 1152 231 1211 iu
245 1153 352 1228 fugam
366 1150 574 1211 coniecerunt.
616 1151 699 1210 Item
720 1150 784 1210 alia
803 1150 836 1208 in
859 1155 947 1228 parte
962 1150 1106 1210 diversae
1120 1152 1200 1210 duae

196 1249 345 1326 legiones
370 1248 536 1308 undecima
559 1254 591 1307 et
616 1254 735 1321 octava,
761 1246 936 1325 profligatis
960 1247 1198 1322 Veromanduis,
1225 1270 1251 1302 ιο

198 1347 382 1424 quibuscum
410 1351 500 1405 erant
527 1344 696 1421 congressi,
722 1363 762 1404 ex
785 1344 853 1404 loco
878 1344 1095 1421 superiorein
1120 1344 1199 1421 ipsis

197 1443 335 1503 fluminis
357 1442 435 1520 ripis
458 1441 699 1519 proeliabantur.
742 1441 788 1500 At
808 1441 885 1501 totis
907 1442 973 1501 fere
997 1461 1017 1500 a
1040 1442 1146 1501 fronte
1167 1448 1200 1501 et

198 1542 237 1600 ab
257 1540 386 1600 sinistra
407 1544 495 1617 parte
519 1538 646 1599 nudatis
671 1538 793 1612 castris,
815 1557 885 1598 cum
911 1538 945 1596 in
969 1538 1081 1598 dextro
1102 1557 1199 1599 ccmn

196 1638 279 1714 legio
300 1636 484 1697 duodecima
503 1640 536 1696 et
557 1655 619 1695 non
641 1655 754 1713 magno
771 1636 811 1695 ab
826 1654 864 1695 ea
880 1635 1049 1695 intervallo
1063 1635 1199 1712 septima

197 1735 402 1809 constitisset,
430 1752 537 1793 omnes
564 1733 676 1792 Nervii
705 1732 937 1793 confertissimo
964 1732 1089 1809 agmine
1119 1733 1198 1794 duce
1223 1758 1247 1808 ¹5

196 1833 403 1908 Boduognato
419 1830 473 1907 qui
492 1849 645 1890 summam
663 1830 775 1908 imperi
792 1829 929 1904 tenebat,
944 1829 984 1889 ad
1003 1848 1075 1888 eum
1093 1829 1198 1890 locum

197 1930 442 2003 contenderunt3
468 1946 600 2005 quorum
624 1945 697 2003 pars
723 1932 831 2003 aperto
854 1927 953 1987 latere
978 1926 1117 2003 legiones
1142 1927 1199 1987 cir-

197 2026 384 2099 cumvenire,
400 2043 472 2101 pars
487 2043 643 2083 summum
657 2030 830 2083 castrorum
844 2023 947 2084 locum
962 2031 1069 2102 petere
1084 2025 1197 2102 coepit.

160 2181 162 2186 ,
238 2122 295 2188 24.
323 2123 442 2181 Eodem
456 2128 596 2198 tempore
609 2121 733 2198 equites
747 2121 848 2180 nostri
862 2121 1005 2198 levisque
1021 2127 1198 2181 armaturae

196 2220 328 2297 pedites,
351 2218 405 2295 qui
427 2237 497 2277 cum
518 2218 558 2276 iis
582 2237 645 2277 una
670 2218 805 2292 fuerant,
828 2236 906 2297 quos
932 2218 1033 2296 primo
1057 2218 1197 2278 hostium
1220 2249 1249 2280 ιο

197 2316 317 2393 impetu
345 2315 453 2392 pulsos
480 2314 630 2389 dixeram,
659 2333 730 2374 cum
758 2333 792 2374 se
820 2314 854 2373 in
881 2320 985 2375 castra
1012 2315 1196 2393 reciperent,

197 2411 337 2471 adversis
352 2411 494 2471 hostibus
509 2407 712 2471 occurrebant
733 2430 769 2471 ae
789 2430 897 2472 rursus
915 2412 1010 2472 aliam
1027 2412 1061 2470 in
1074 2417 1197 2490 partem

198 2511 305 2585 fugam
326 2508 492 2586 petebant;
514 2513 546 2567 et
567 2508 699 2583 calones,
723 2509 777 2587 qui
799 2510 838 2569 ab
859 2510 1031 2569 decumana
1049 2515 1142 2587 porta
1161 2528 1197 2568 ac

197 2624 318 2665 summo
339 2605 412 2681 iugo
433 2604 522 2665 collis
536 2598 667 2665 ⁴nostros
685 2606 817 2666 victores
831 2605 948 2665 flumen
963 2605 1115 2666 transisse
1129 2624 1198 2665 con·

196 2709 372 2780 spexerant,
388 2702 559 2780 praedandi
581 2721 675 2762 causa
695 2704 822 2780 egressi,
838 2722 908 2763 cum
930 2703 1142 2781 respexissent
1164 2710 1197 2762 et
1220 2728 1245 2774 ²5

127 2858 129 2861 ,
195 2800 301 2859 hostes
329 2800 363 2858 in
390 2800 507 2859 uostris
535 2799 647 2859 castris
672 2800 790 2859 versari
818 2799 982 2875 vidissent,
1007 2800 1195 2878 praecipites

189 2898 287 2973 ¹fugae
308 2916 376 2957 sese
397 2897 599 2956 mandabant.
644 2897 745 2956 Simul
767 2916 874 2956 eorum
896 2897 950 2974 qui
973 2917 1042 2957 cum
1068 2897 1196 2974 impedi-

194 2996 309 3053 mentis
331 2994 499 3054 veniebant
520 2994 637 3054 clamor
658 2993 868 3071 fremitusque
890 2995 1056 3068 oriebatur,
1078 2994 1195 3071 aliique

194 3091 287 3151 aliam
310 3091 343 3150 iu
363 3097 485 3168 partem
506 3089 666 3167 perterriti
681 3090 874 3149 ferebantur.
917 3090 1035 3159 Quibus
1051 3091 1195 3150 omnibus

194 3188 285 3247 rebus
306 3186 440 3265 permoti
462 3187 585 3264 equites
607 3185 745 3259 Treveri,
762 3205 893 3263 quorum
915 3186 998 3245 inter
1012 3187 1121 3247 Gallos
1136 3188 1197 3246 vir·
1219 3210 1247 3255 30
1339 3263 1340 3266 Ἴ

193 3285 272 3344 tutis
294 3284 400 3361 opinio
422 3290 471 3342 est
492 3282 670 3358 singularis,
687 3283 742 3359 qui
764 3284 862 3342 auxili
884 3302 978 3343 causa
1002 3284 1041 3342 ab
1065 3284 1194 3343 civitate

194 3381 234 3440 ad
255 3382 418 3441 Caesarem
441 3378 530 3437 missi
552 3386 712 3453 venerant,
735 3399 805 3440 cum
831 3378 1034 3439 multitudine
1055 3379 1192 3439 hostium
