2725 3759
559 216 669 263 ninus
691 216 731 263 11.
1126 203 1167 267 25

112 385 281 441 sumerent.
316 381 365 440 De
378 400 509 440 numero
523 400 629 441 eorum
650 383 756 444 omnia
774 403 807 445 se
825 385 940 447 habere
954 385 1118 464 explorata

112 476 207 544 Remi
227 477 382 551 dicebant,
404 482 570 555 propterea
590 481 674 556 quod
696 481 986 559 propinquitatibus
1008 483 1117 543 adfini·

112 573 298 651 testibusque
312 574 480 650 coniuncti,
499 582 650 651 quantam
670 576 803 655 quisque
824 578 1063 639 multitudinem
1083 581 1117 639 in

112 670 269 730 communi
289 670 457 746 Belgarum
478 671 610 731 concilio
631 672 671 732 ad
692 673 726 733 id
747 674 864 734 bellum
888 676 1049 753 pollicitus
1073 679 1117 738 sit

104 763 323 844 cognoverint.
362 768 538 834 Plurimum
559 769 717 830 intereos
738 771 922 833 Bellovacos
944 781 977 833 et
996 776 1114 835 virtute
1139 805 1151 852 5

112 872 146 926 et
159 867 344 927 auctoritate
359 872 391 926 et
406 866 568 934 hominnm
581 888 712 928 numero
726 870 848 929 valere:
870 869 927 931 hos
941 892 1033 950 posse
1047 892 1117 933 con-

111 966 204 1025 ficere
218 970 338 1025 armata
351 965 440 1024 milia
450 972 585 1041 centum,
598 965 756 1044 pollicitos
772 986 810 1027 ex
824 987 861 1027 eo
871 989 1001 1029 numero
1016 971 1116 1030 electa

112 1064 284 1141 sexaginta,
299 1064 461 1140 totiusque
475 1063 551 1123 belli
566 1064 733 1142 imperium
748 1065 809 1124 sibi
824 1066 993 1143 postulare.
1026 1068 1115 1127 Sues·

112 1163 215 1222 siones
244 1181 316 1222 suos
344 1180 413 1222 esse
441 1160 612 1221 finitimos:
644 1161 816 1230 latissimos
841 1162 1114 1242 feracissimosque

111 1276 202 1336 agros
221 1260 390 1337 possidere.
433 1259 529 1337 Apud
553 1277 605 1318 eos
631 1259 731 1319 fnisse
756 1278 865 1336 regens
884 1267 992 1320 nostra
1016 1261 1111 1322 etiam
1138 1292 1165 1322 ιο

111 1357 261 1417 memoria
282 1356 484 1431 Divitiacum,
505 1356 605 1415 totius
628 1356 751 1417 Galliae
772 1357 1037 1434 potentissimum,
1058 1359 1113 1436 qui

111 1471 182 1513 cum
201 1473 330 1531 magnae
349 1454 449 1531 partis
469 1453 580 1513 harum
599 1453 761 1530 regionum
784 1458 855 1513 tum
874 1454 970 1513 etiam
990 1456 1114 1518 Britan-

112 1549 182 1609 niae
196 1550 362 1628 imperium
377 1550 565 1613 obtinuerit:
589 1570 671 1611 nnnc
691 1569 758 1610 esse
778 1571 882 1628 regem
901 1552 1055 1629 Galbam3
1073 1553 1113 1613 ad
1169 1627 1177 1638 ὑ

111 1646 194 1707 hunc
211 1653 340 1725 propter
353 1647 509 1706 iustitiam
528 1648 792 1725 prudentiamque
811 1667 899 1708 suam
917 1649 1016 1709 totins
1035 1649 1112 1714 belli

111 1763 265 1803 summam
286 1744 425 1803 omnium
444 1743 607 1804 voluntate
628 1744 762 1804 deferri:
788 1745 905 1823 oppida
924 1746 1038 1805 habere
1058 1764 1113 1806 nu·
1137 1776 1162 1823 ις

110 1860 196 1900 mero
217 1859 278 1914 x11,
294 1840 437 1918 polliceri
458 1840 546 1900 milia
567 1848 688 1900 armata
709 1842 953 1919 quinquaginta3
978 1843 1112 1903 totidem

110 1937 255 2012 Nervios,
274 1937 328 2014 qui
349 1936 485 1997 maxime
506 1938 568 1997 feri
589 1938 673 1997 inter
692 1938 777 2014 ipsos
798 1939 981 2014 habeantur,
999 1940 1113 2017 longis-

110 2034 252 2113 simeque
276 2035 398 2110 absint3
427 2035 606 2113 quindecim
630 2035 719 2095 milia
739 2035 916 2111 Atrebates,
938 2036 1111 2097 Ambianos

25 2178 28 2182 .
110 2132 218 2192 decem
242 2132 338 2206 milia,
364 2133 503 2191 Morinos
532 2151 603 2192 xxv
628 2131 725 2205 milia,
745 2133 908 2209 Menapios
931 2152 983 2192 vn
1009 2134 1111 2210 milia;

110 2229 236 2289 Caletos
261 2248 285 2287 x
309 2229 414 2304 milia;
443 2215 626 2289 Velocasses
649 2234 681 2289 et
702 2230 937 2289 Veromanduos
960 2231 1109 2308 totidem3
1135 2261 1163 2292 20

110 2326 293 2385 Aduatucos
309 2325 415 2388 decem
432 2330 465 2384 et
481 2344 594 2384 novem
608 2324 698 2383 milia
707 2346 715 2400 ;
737 2324 924 2399 Condrusos,
940 2326 1110 2401 Eburones,

110 2423 287 2496 (laeroesos,
303 2422 485 2496 Paemanos,
501 2420 556 2498 qui
569 2440 632 2480 uno
646 2420 771 2480 nomine
790 2421 940 2481 Germani
956 2422 1114 2501 appellan-

109 2525 172 2595 tur,
188 2518 335 2578 arbitrari
349 2519 389 2578 ad
403 2537 447 2577 xn
460 2518 557 2577 milia.

151 2616 186 2682 ὅ.
218 2615 332 2676 Caesar
356 2616 471 2675 Remos
499 2615 681 2675 cohortatus
709 2613 944 2693 liberaliterque
973 2616 1113 2677 oratione

109 2719 294 2791 prosecutus
314 2732 437 2772 omnem
457 2717 600 2772 senatum
619 2712 659 2771 ad
680 2731 714 2772 se
736 2712 903 2772 convenire
925 2714 1114 2791 principum·
1136 2742 1162 2790 25

110 2830 171 2887 que
185 2811 299 2870 liberos
315 2809 439 2869 obsides
453 2810 493 2869 ad
512 2828 545 2869 se
565 2808 678 2869 adduci
698 2809 800 2868 iussit.
844 2810 928 2880 Quae
949 2811 1054 2870 omnia
1074 2812 1114 2871 ab

109 2906 161 2966 his
189 2906 357 2984 diligenter
384 2907 425 2966 ad
452 2905 535 2965 diem
564 2907 649 2966 facta
677 2912 762 2965 sunt.
817 2907 891 2985 Ipse
919 2907 1113 2966 Divitiacum

110 3004 255 3063 Aeduum
274 3023 386 3081 magno
404 3023 496 3081 opere
514 3004 695 3063 cohortatus
712 3005 803 3064 docet
819 3010 937 3080 quanto
956 3023 1049 3081 opere
1068 3005 1114 3063 rei

110 3101 253 3179 publicae
278 3102 513 3179 communisque
539 3102 651 3160 salutis
677 3102 805 3170 intersit
834 3121 944 3161 manus
973 3101 1113 3160 hostium

110 3198 323 3273 distinctius
342 3219 411 3258 cum
431 3204 521 3259 tanta
542 3199 745 3258 multitudine
765 3218 828 3257 uno
848 3205 987 3275 tempore
1010 3198 1113 3256 confli-
1136 3227 1164 3272 30

111 3297 246 3374 gendum
261 3296 312 3355 sit.
348 3297 387 3354 Id
401 3296 470 3356 fieri
483 3316 584 3375 posse,
601 3296 628 3355 si
646 3314 719 3354 suas
739 3295 843 3372 copias
859 3295 962 3354 Aedui
982 3296 1015 3353 in
1035 3295 1112 3354 fines

110 3393 348 3453 Bellovacorum
362 3393 595 3454 introduxerint
609 3398 641 3452 et
656 3411 764 3451 eorum
780 3410 869 3467 agros
884 3392 1030 3470 populari
1049 3410 1114 3451 coe·
