2725 3759
451 155 611 224 emssn’s
633 172 767 222 summ
790 173 880 221 was

236 355 303 415 Wdl
326 354 457 417 oetam
477 357 608 416 coclitem
627 358 692 416 ond
712 374 839 434 couroye
858 376 930 416 sace
950 358 999 416 liis
1019 360 1135 435 cruny?

223 466 280 532 25.
302 467 416 527 Caesar
436 468 476 527 ab
497 468 635 527 decimae
660 469 793 545 legionis
813 469 1031 529 cohortatione
1051 472 1093 530 ad
1113 471 1184 530 dex·

179 570 266 624 trum
279 582 375 623 cornu
389 564 551 641 proiectus
567 584 639 625 suos
654 567 759 641 urgeri
780 574 812 625 et
833 567 1034 626 duodecimae
1048 566 1182 643 legionis

180 663 340 723 confertos
354 661 471 721 milites
487 661 548 721 sibi
562 662 647 739 ipsos
665 664 705 721 ad
723 671 859 740 pignam
872 682 943 722 esse
957 663 1181 740 impedimento

179 761 269 820 vidit.
311 761 448 831 Quartae
470 759 610 818 cohortis
636 778 744 819 omues
770 759 967 819 centuriones
992 760 1085 820 occisi
1106 767 1183 821 sunt

143 864 221 934 set,
239 859 389 935 signifero
410 856 586 931 interfecto,
610 862 735 935 signum
759 863 809 916 est
834 862 992 916 emissum.
1035 858 1183 935 Reliqui·

179 975 248 1015 rum
261 955 438 1016 cohortium
450 973 559 1014 omnes
581 954 647 1013 fere
668 954 868 1014 centuriones
881 961 938 1013 aut
952 953 1110 1015 vulnerati
1126 962 1183 1015 aut

179 1053 271 1113 occisi
292 1058 375 1128 sunt,
391 1053 425 1112 in
446 1053 494 1112 his
516 1052 695 1130 primipilus
716 1053 753 1110 P.
774 1052 902 1111 Sextius
917 1052 1061 1127 Baculus,
1077 1053 1182 1113 fortis·

179 1149 277 1211 simus
289 1150 345 1224 vir,
358 1150 467 1209 multis
479 1149 688 1227 gravibusque
701 1149 883 1209 vulneribus
897 1149 1059 1209 conlectus
1071 1158 1107 1209 ut
1119 1149 1182 1209 iam

180 1266 212 1306 se
224 1247 378 1307 sustinere
389 1256 453 1307 non
468 1253 583 1325 posset.
622 1248 683 1307 His
695 1250 786 1309 ribus
799 1249 936 1327 reliquos
948 1268 1016 1309 esse
1028 1249 1180 1309 tardiores

130 1370 158 1404 ιο
180 1345 258 1403 vidit
273 1344 386 1406 Caesar
400 1351 432 1403 et
447 1345 614 1405 nonnullos
630 1346 754 1408 deserto
768 1346 888 1424 proelio
902 1347 1052 1406 excedere
1066 1353 1102 1406 iic
1116 1347 1181 1407 tiela

179 1446 294 1515 vitare3
319 1440 426 1500 hostes
449 1448 553 1500 autem
577 1461 679 1520 neque
704 1463 724 1503 a
748 1444 853 1504 fronte
878 1464 917 1504 ex
940 1444 1090 1504 inferiore
1111 1445 1180 1505 loco

179 1537 347 1596 subeuntes
370 1536 580 1598 intermittere
604 1544 636 1598 et
657 1540 697 1599 ab
718 1547 852 1620 utroque
874 1540 974 1602 latere
997 1547 1124 1617 instare,
1148 1548 1180 1601 et

178 1653 244 1692 rem
264 1651 332 1692 esse
353 1632 387 1692 in
407 1641 548 1711 angusto,
565 1655 666 1713 neque
690 1637 789 1697 iillum
810 1657 879 1698 esse
901 1640 1076 1699 subsidium
1096 1640 1180 1717 quod

79 1739 84 1742 “
177 1729 323 1789 submitti
345 1737 474 1827 possent)
509 1733 590 1791 Tum
615 1739 689 1794 vero
715 1742 802 1794 scirto
828 1736 881 1796 uui
908 1738 1002 1797 militi
1028 1738 1177 1812 detracta

128 1846 155 1894 15
178 1826 261 1904 quod
283 1826 350 1904 ipse
370 1847 407 1887 eo
428 1828 496 1889 siue
518 1837 607 1890 scuto
624 1837 762 1905 venerat,
783 1833 815 1891 in
839 1840 968 1910 primam
990 1834 1088 1894 aciem
1112 1842 1180 1913 pro

177 1923 279 1996 cessit,
305 1926 603 2004 centurionibusque
627 1928 815 1990 nominatim
840 1931 1178 2010 appellitisreliquos

176 2019 356 2081 cohortatus
368 2022 484 2082 milites
497 2029 585 2098 sigua
595 2025 711 2085 inferre
722 2032 754 2085 et
767 2027 943 2106 manipnlos
954 2027 1063 2088 laxare
1076 2029 1176 2104 irissit,

177 2135 238 2193 quo
250 2117 375 2178 facilius
386 2118 500 2195 gladiis
512 2120 559 2179 riti
571 2129 707 2197 possent.
750 2123 844 2184 Odius
856 2125 994 2185 adventu
1009 2144 1064 2203 spe
1079 2126 1179 2186 inlita

177 2214 328 2274 militibus
344 2222 379 2275 sic
395 2216 609 2294 redintegrato
623 2218 728 2278 animo
742 2219 871 2298 paulum
886 2219 1027 2281 hostium
1041 2222 1177 2302 impetus

125 2341 155 2373 20
178 2311 321 2371 taediatus
335 2318 392 2372 est.

240 2424 343 2470 urgeo,
353 2424 454 2472 premo,
468 2410 509 2462 24.
688 2417 790 2474 subeo,
804 2416 919 2466 mecedo.

240 2495 402 2551 confertus,
414 2493 519 2554 diosus,
529 2494 574 2554 23.
688 2499 874 2548 intermitto:
893 2500 995 2559 disice,
1007 2502 1112 2553 darete.

240 2574 373 2633 signifer,
385 2578 521 2638 aquilifer.
689 2584 785 2630 insto:
806 2596 896 2643 urgeo,
905 2596 1007 2644 premo,
1019 2583 1064 2633 24.»

239 2657 358 2714 amitto,
371 2658 484 2717 minimo,
497 2658 539 2707 21.
688 2664 825 2722 detraho,
836 2666 921 2725 rapio.

238 2730 310 2796 iere,
320 2751 414 2799 poene,
431 2739 468 2787 19.
686 2747 768 2804 laxo,
782 2748 881 2807 operio.

239 2821 405 2880 confectus,
418 2822 544 2884 defessus,
557 2821 598 2872 23.
687 2828 785 2876 infero
800 2827 859 2891 (2):
879 2830 924 2889 do,
937 2830 1036 2894 adfero.

239 2905 363 2963 excedo,
378 2917 446 2954 exeo.
689 2912 869 2972 redintegro,
880 2926 987 2973 renovo,
1000 2912 1041 2963 23.

280 3039 311 3097 A
326 3041 556 3120 sliiflt'nqscene.
592 3046 665 3105 Pell
687 3047 834 3123 Romans,
851 3052 920 3124 prid
941 3053 1071 3111 Nervii!

214 3151 271 3217 26.
294 3153 498 3215 Caesareum
521 3158 686 3235 septimam
708 3160 873 3236 legionem,
895 3183 976 3241 quae
998 3164 1086 3224 iuxta
1107 3174 1177 3226 con-

172 3249 306 3322 stiterat,
323 3249 400 3309 item
420 3253 524 3329 urgeri
546 3255 585 3314 ab
605 3256 697 3315 hoste
717 3260 857 3333 vidisset,
873 3261 1016 3319 tribunos
1035 3255 1174 3321 militum

172 3347 293 3403 monuit
319 3352 356 3405 ut
384 3349 537 3426 paulatim
565 3357 633 3410 sese
661 3352 801 3429 legiones
829 3355 1062 3433 coniungerent.
1107 3359 1175 3428 Quo
