2725 3759
603 214 701 264 BOOK
723 216 762 264 11.

239 411 346 472 Ooesar
365 414 466 472 learns
487 415 533 473 tue
554 417 680 475 nauiter
700 421 739 493 os
753 420 800 478 tha
821 422 950 497 erremy’s
964 424 1076 496 forces.

196 531 230 596 4.
260 533 338 593 aum
356 534 395 593 ab
412 534 460 594 his
479 542 643 612 quaereret
658 557 738 614 quae
753 540 896 600 civitates
912 546 1109 619 quantaeque
1123 541 1158 601 in

149 629 248 687 'armis
273 637 378 688 essent
402 638 434 689 et
459 632 536 708 quid
561 633 592 691 in
619 633 702 693 bello
726 643 864 713 possent,
891 643 934 696 sie
962 638 1155 715 reperiebat:

154 725 292 802 plerique
315 726 429 803 Belgae
451 735 525 787 sunt
546 730 608 788 orti
629 731 669 790 ab
691 732 856 792 Germanis
877 734 1087 812 Rhenumque
1106 753 1157 794 an·

154 822 287 899 tIquitus
309 824 446 883 traducti
466 825 509 883 ibi
529 827 744 900 cunsedurunt,
761 829 932 905 Gallusque
955 831 1009 907 qui
1031 850 1069 891 ea
1087 831 1157 892 loca

156 918 333 978 incolebant
349 921 545 998 expulerunt.
590 922 656 981 Suli
675 924 803 983 fuerunt
821 925 875 1002 qui
897 926 1054 986 Teutonos
1077 927 1157 988 aim·
1178 937 1192 984 5

155 1015 288 1091 brusque
310 1016 394 1076 iutra
414 1018 496 1077 lines
516 1036 588 1077 suos
610 1019 733 1095 ingredi
754 1021 989 1098 prohibuerunt.
1031 1024 1099 1093 Qua
1117 1043 1157 1082 ex

155 1130 188 1170 re
203 1112 301 1171 tiebat
315 1118 352 1171 ut
363 1121 508 1190 maguam
520 1114 580 1173 sibi
591 1116 812 1175 auctoritatem
823 1125 1014 1195 magnusque
1025 1120 1155 1196 spiritus

154 1210 187 1267 in
212 1228 245 1268 re
270 1210 401 1269 milituri
426 1218 592 1270 sumerent.
635 1213 684 1272 De
709 1232 838 1273 numero
862 1222 970 1274 eurum
993 1215 1099 1275 omnia
1122 1235 1156 1276 se

96 1344 102 1355 .
154 1306 267 1366 habere
282 1308 444 1384 expluruta
458 1309 550 1367 Remi
564 1310 716 1369 dicebaut.
759 1311 914 1381 Quantam
931 1312 1064 1391 quisque
1080 1314 1156 1372 mul-

154 1403 321 1462 titudinem
333 1405 366 1463 in
377 1406 531 1465 communi
543 1407 711 1484 Belgarum
723 1408 855 1468 coneilio
866 1411 906 1469 ad
917 1409 950 1468 id
964 1409 1081 1469 bellum
1092 1411 1156 1489 pol-
1179 1433 1207 1467 10

155 1500 262 1561 licitus
276 1508 360 1561 esset
374 1509 592 1580 ougnuverant.
635 1504 809 1565 Plurimum
825 1506 974 1566 intereos
995 1507 1155 1568 Bellovaoi

155 1605 188 1658 et
209 1601 326 1659 virtute
348 1607 381 1661 et
401 1604 589 1663 aucturitute
611 1609 643 1681 et
664 1604 826 1663 hominum
847 1624 977 1663 numero
997 1605 1154 1665 valebant.

154 1696 199 1756 Hi
214 1704 358 1775 poterant
369 1701 520 1760 eunfieere
535 1707 656 1760 armata
670 1702 757 1760 milia
767 1707 909 1776 eentum3
931 1701 1065 1779 pollieiti
1080 1708 1156 1761 sunt

154 1814 192 1855 ex
212 1815 247 1855 eo
267 1816 395 1857 numero
413 1799 511 1858 electa
532 1800 698 1876 sexaginta
716 1804 875 1875 tutiusque
894 1798 969 1857 belli
988 1798 1155 1875 imperium

153 1893 214 1952 sibi
235 1896 445 1971 postulabant.
497 1896 680 1956 Suessiones
705 1896 874 1955 Remorum
896 1900 986 1954 erant
1005 1895 1153 1971 finitimi3
1178 1914 1206 1962 ις

154 1990 323 2052 latissimos
342 1993 615 2071 feracissimosque
632 2011 722 2069 agros
739 1992 949 2070 possidebant.
991 1991 1088 2069 Apud
1101 2011 1154 2052 eos

154 2088 217 2148 fuit
235 2096 289 2148 rex
308 2096 417 2150 nostra
435 2091 530 2150 etiam
548 2091 699 2150 memoria
715 2089 902 2160 Divitiaous,
918 2093 1016 2148 tutius
1032 2089 1155 2149 Galliae

153 2185 400 2262 potentissimus,
423 2187 477 2263 qui
498 2206 568 2246 oum
590 2194 720 2262 magnae
741 2186 841 2262 partis
861 2186 973 2244 hurum
992 2185 1154 2261 regiunum

154 2287 221 2339 tum
237 2282 331 2341 etiam
345 2282 528 2341 Britanniae
543 2281 709 2359 imperium
725 2281 870 2340 obtinuit.
909 2281 941 2338 N
942 2299 1003 2340 uno
1017 2288 1085 2340 erat
1099 2287 1155 2340 rex

154 2379 271 2454 Galba3
294 2380 333 2438 ad
354 2379 437 2437 hune
458 2382 587 2455 propter
607 2376 763 2435 iustitiam
784 2376 1045 2455 prudentiamque
1066 2395 1154 2436 suam
1177 2406 1206 2437 ω

154 2475 228 2534 belli
243 2494 363 2536 summa
377 2475 483 2535 duluta
496 2480 553 2534 est.

219 2605 339 2651 quaero,
353 2592 494 2652 inerrare.
717 2591 852 2647 exoluta,
866 2588 1001 2651 auauusca.

216 2676 339 2733 reperio,
354 2674 488 2735 auaausao.
714 2674 809 2730 valeo,
818 2685 935 2733 possam.

216 2759 306 2814 orior,
323 2757 424 2807 aruacor.
715 2756 852 2814 ounfiolo,
866 2768 998 2816 comparo.

216 2841 349 2898 consido,
364 2854 404 2888 ma
415 2840 522 2889 aolloao.
716 2839 812 2896 ferax,
822 2837 930 2900 fertiles.

216 2923 354 2980 spiritus:
374 2922 542 2984 adrogantia,
556 2922 650 2971 animi.
715 2934 848 2969 summe:
867 2921 942 2980 aura,
956 2922 1104 2982 imperium.

165 3068 214 3127 He
231 3070 315 3128 takes
331 3067 466 3143 Irostapas
474 3068 560 3142 frum
577 3067 624 3124 tue
642 3066 735 3125 Remi
751 3068 814 3124 aad
830 3083 941 3124 orasses
957 3066 1004 3124 tbe
1018 3065 1138 3124 Axona.

191 3188 226 3253 ὅ.
256 3189 369 3249 Caesar
383 3207 507 3247 omnem
523 3193 668 3246 senatum
683 3187 723 3246 ad
740 3205 773 3246 se
787 3192 952 3246 convenire
966 3187 1154 3265 principum-

152 3304 212 3362 que
226 3285 340 3345 liberos
351 3284 474 3344 obsides
486 3285 526 3344 ad
536 3303 570 3344 se
580 3283 693 3344 adduoi
708 3283 808 3343 iussit.
845 3283 929 3353 Quae
940 3284 1045 3343 emnia
1055 3284 1094 3343 ab
1104 3283 1153 3343 his

150 3382 318 3458 diligenter
332 3381 373 3440 ad
389 3381 472 3452 diem
486 3381 572 3440 faeta
586 3385 668 3440 sunt.
713 3380 787 3453 Ipse
801 3379 995 3440 Divitiaeum
1009 3380 1153 3439 Aeduum
