2725 3759
538 230 539 234 ’
600 242 701 291 Boou
722 243 761 289 11.
1160 222 1203 289 19

149 414 266 474 multos
287 429 385 473 annos
406 431 425 472 a
445 409 594 471 finitimis
615 409 778 488 exagitati,
793 397 947 469 cansansu
963 415 1071 469 earum
1091 426 1154 468 om·

148 511 239 569 nium
252 510 335 569 huuc
350 509 410 568 sibi
425 508 584 568 domicilio
598 507 703 566 locum
716 508 908 583 delagarunt.

248 644 391 699 revertor,
404 641 491 698 redeo,
504 640 544 689 10.
750 640 863 700 aditus,
877 651 1004 696 accessus,
1019 637 1058 686 15.

248 727 384 782 canctus,
399 724 493 772 omnis.
747 724 882 779 conloco,
892 722 974 781 panc,
988 720 1012 768 8.

248 807 382 867 egregie:
400 807 504 866 optime,
517 805 619 864 eximie,
633 804 657 854 8.
751 807 927 863 pragnatus,
941 809 1022 862 ortas,
1035 801 1060 852 4.

248 890 416 947 despectus,
428 887 587 947 praepostus.
752 887 863 944 obitus,
877 886 1007 944 intentas,
1020 885 1063 933 28.

248 972 368 1030 lanitcr,
376 970 520 1031 paulatim.
753 968 864 1028 cange,
878 968 956 1030 aliea
971 968 1009 1017 17.

264 1147 382 1209 'From
402 1150 480 1208 tlcec'r
498 1150 583 1208 ecelis
603 1150 670 1225 they
690 1156 778 1207 taccat
798 1149 845 1208 the
867 1149 1013 1209 Romans.

105 1251 129 1260 Ἡ
191 1273 249 1357 30.
279 1260 327 1331 ae
355 1277 455 1349 primo
483 1272 621 1330 adventu
649 1269 806 1330 exercitus
834 1270 935 1330 nostri
961 1270 1085 1330 crebras
1113 1289 1153 1330 ex

149 1370 266 1447 oppido
290 1368 489 1430 excursiones
514 1367 673 1428 faciebant
697 1368 900 1444 parvulisque
925 1367 1056 1445 proeliis
1080 1386 1152 1427 cum

150 1466 268 1525 nostris
285 1465 532 1541 contendebant3
555 1471 667 1544 postea,
678 1465 764 1525 vallo
778 1466 894 1543 pedum
907 1484 961 1523 ΧΠ
972 1465 1006 1524 in
1017 1465 1152 1525 circuitu

150 1582 197 1623 xv
210 1562 331 1621 mssium
350 1563 527 1640 crabrisque
544 1562 685 1622 castellis
702 1562 933 1622 circummaniti
952 1562 1067 1640 oppido
1083 1568 1151 1622 sese

151 1660 361 1719 continabant.
404 1659 470 1719 Ubi
491 1659 591 1718 vineis
617 1657 696 1718 actis
719 1677 830 1735 aggere
856 1664 1015 1718 exstracte
1036 1660 1150 1719 turrim
1173 1678 1187 1725 s

150 1757 260 1833 procul
273 1750 425 1816 canstitui
436 1756 590 1829 viderunt,
603 1761 738 1832 primum
749 1756 883 1815 inridere
898 1774 938 1814 ex
952 1763 1040 1814 maro
1055 1761 1150 1832 atque

150 1853 337 1931 increpitare
352 1841 481 1913 vasibus
497 1858 676 1931 coeperunt,
692 1852 777 1930 quod
792 1857 883 1911 tanta
901 1851 1092 1911 machinatio
1113 1852 1153 1911 ab

150 1954 240 2009 tanto
263 1949 366 2027 spatio
385 1954 612 2009 instrueratnr:
634 1949 823 2025 quibusnam
843 1948 988 2008 manibus
1010 1953 1065 2007 aut
1086 1949 1153 2027 qui·
1239 1974 1241 1978 ·

150 2046 208 2106 bus
222 2047 342 2105 vitibus
356 2046 540 2122 praesertim
555 2044 698 2105 homines
712 2046 854 2105 tantulae
876 2050 1014 2105 statarae
1037 2045 1150 2105 turrim

150 2142 233 2201 tanti
248 2143 351 2201 oneris
366 2142 398 2200 in
413 2150 501 2202 muro
515 2149 583 2201 sese
598 2140 760 2202 conlocare
774 2142 996 2201 canfiderent?
1173 2167 1203 2199 ιο

248 2274 405 2331 adventus,
416 2285 544 2332 asceam,
559 2271 599 2321 15.
717 2274 843 2332 inrides,
857 2273 970 2322 daidco.

249 2358 365 2413 arabes,
373 2354 510 2416 frequens,
524 2354 547 2402 1.
719 2356 875 2414 increpito,
886 2355 1023 2406 meleiaco.

249 2438 397 2495 usuale,
409 2437 520 2497 auctio.
717 2440 862 2496 tantulus,
872 2439 1010 2499 parvulus.

249 2520 411 2578 causatus,
420 2520 502 2582 pano.
718 2532 802 2579 onus,
812 2520 926 2581 pondus.

193 2702 257 2761 But
274 2719 349 2759 soca
367 2702 434 2777 they
451 2702 511 2759 lose
529 2702 696 2777 confidence
714 2703 779 2760 aad
796 2705 870 2779 offer
887 2710 917 2762 to
936 2706 1106 2765 wrreader.

190 2821 243 2889 31.
266 2821 332 2882 Ubi
346 2827 421 2882 varo
437 2822 551 2881 turrim
573 2822 692 2882 moveri
713 2828 745 2882 et
765 2824 1016 2903 adpropinquare
1037 2826 1152 2886 moeni-

149 2920 208 2979 bus
219 2920 374 2994 vidarunt,
385 2937 468 2978 nova
477 2924 572 2997 atque
585 2919 737 2980 inasitata
750 2921 853 2998 specie
868 2922 1016 2982 commati
1030 2923 1150 3001 lagatos

149 3017 190 3076 ad
203 3017 367 3077 Caesarem
382 3017 421 3076 de
435 3023 512 3093 pace
526 3022 687 3091 misai-unt,
700 3016 755 3093 qui
769 3017 810 3076 ad
823 3017 906 3078 hunc
917 3019 1045 3078 modum
1054 3018 1151 3079 locati
1250 3073 1253 3082 ,

149 3119 240 3173 sunt:
262 3113 424 3172 Aduatuci
440 3119 504 3172 nau
518 3113 702 3172 existimant
716 3114 875 3173 Ramanos
890 3114 958 3174 sine
972 3134 1031 3192 ope
1045 3116 1152 3175 divina

148 3210 265 3269 bellum
281 3227 396 3286 gerere,
412 3209 467 3286 qui
480 3214 589 3268 tantae
603 3209 783 3268 altitudinis
797 3210 1046 3270 machinationes
1060 3217 1151 3272 tanta
1172 3227 1187 3273 5

148 3306 311 3366 celeritate
337 3312 519 3383 pramnvere
546 3305 687 3382 possint3
715 3304 823 3386 itaque
847 3325 880 3366 se
905 3325 1023 3385 suaque
1047 3310 1152 3367 omnia

149 3410 256 3463 earum
283 3402 437 3480 potestati
462 3402 660 3479 permittunt.
714 3390 823 3461 Unum
850 3407 983 3480 petunt:
1012 3403 1040 3462 si
1067 3405 1151 3463 farte
