2725 3759
527 198 558 246 0.
581 197 659 246 IULI
681 196 861 246 CAESARIS

213 364 348 442 captivis
369 364 528 441 cognitum
549 369 608 438 est,
623 383 731 424 eorum
745 364 867 424 diemm
882 362 1109 424 consuetudine
1123 361 1215 422 itine-

213 461 256 521 ris
271 461 372 520 nostri
386 462 543 521 exeroitus
557 471 730 540 perspecta,
746 468 837 520 nocte
857 462 897 521 ad
916 460 1052 519 Nervios
1068 477 1215 536 pervene-

213 564 287 616 runt
309 564 409 635 atque
429 558 486 617 his
515 559 771 617 demonstrarunt
795 558 880 617 inter
904 558 1045 634 singulas
1074 556 1214 632 legiones

212 654 506 732 impedimentorum
528 674 674 732 maguum
696 673 861 714 numerum
885 655 1088 723 intercedere,
1111 671 1214 730 neque

176 771 188 823 ς
211 770 280 811 esse
300 752 468 830 quicquam
490 754 604 828 negoti,
620 771 691 811 cum
713 752 816 829 prima
831 751 915 828 legio
935 751 967 809 in
989 756 1093 809 castra
1112 750 1215 808 venis-

129 889 139 908 .
212 856 269 924 set,
282 848 482 926 reliquaeque
496 848 636 925 legiones
651 868 799 925 magnum
814 848 952 926 spatium
966 848 1120 919 abessent,
1132 846 1214 905 hanc

212 947 271 1006 sub
285 946 415 1006 sarcinis
430 945 563 1021 adoriri3
585 965 648 1023 qna
662 946 755 1023 pulsa
769 944 1064 1022 impedimentisque
1077 944 1213 1021 direptis

212 1047 355 1102 l‘uturum
382 1050 419 1102 ut
447 1043 588 1119 reliquae
615 1048 726 1103 contra
755 1042 927 1101 consistere
956 1060 1020 1100 non
1050 1041 1211 1099 auderent

212 1141 392 1201 Adiuvabat
413 1140 509 1200 etiam
531 1158 637 1199 eorum
660 1138 826 1199 consilium
848 1138 902 1216 qui
927 1157 992 1198 rem
1018 1137 1212 1210 deferebant,

163 1259 190 1290 10
211 1239 295 1315 quod
327 1237 440 1297 Nervii
473 1236 659 1313 antiquitus,
688 1255 759 1296 cum
792 1236 936 1313 equitatu
969 1234 1052 1293 nihil
1082 1241 1214 1312 possent

213 1334 425 1415 (nequeenim
445 1333 557 1393 adhoc
574 1339 699 1411 tempus
719 1333 749 1392 ei
770 1333 816 1392 rei
837 1334 976 1408 student,
991 1333 1047 1393 sed
1060 1333 1215 1411 quicquid

211 1435 352 1509 possunt,
377 1430 576 1508 pedestribus
601 1430 710 1490 valent
734 1430 847 1509 copiis)
874 1451 937 1509 quo
963 1431 1089 1491 facilius
1117 1431 1215 1491 finiti·

211 1547 332 1587 morum
353 1529 537 1605 equitatum,
557 1527 585 1586 si
606 1527 778 1604 praedandi
797 1546 893 1588 causa
909 1530 948 1589 ad
967 1547 1021 1588 eos
1039 1529 1212 1600 venissent,

211 1624 408 1702 impedirent,
430 1624 549 1685 teneris
570 1624 733 1684 arboribus
755 1624 863 1683 incisis
884 1632 979 1702 atque
999 1625 1133 1699 inflexis,
1149 1643 1215 1685 ore·

163 1745 187 1793 15
210 1722 337 1799 brisque
356 1723 389 1780 in
405 1721 607 1782 latitudinem
623 1721 719 1780 ramis
734 1721 845 1794 enatis,
860 1728 894 1781 et
907 1721 994 1781 rubis
1008 1722 1213 1799 sentibusque

211 1818 394 1894 interiectis,
417 1818 585 1878 effecerant
608 1823 645 1876 ut
669 1817 770 1876 instar
791 1818 872 1876 muri
896 1817 956 1877 hae
980 1836 1088 1895 saepes
1112 1819 1213 1878 muni-

210 1921 316 1975 menta
339 1915 533 1994 praeberent,
558 1933 621 1991 quo
648 1933 711 1973 non
740 1915 833 1973 modo
860 1933 924 1972 non
949 1914 1062 1973 intrari
1088 1916 1144 1974 sed
1171 1934 1212 1975 ne

210 2012 346 2090 perspici
371 2011 498 2088 quidem
522 2016 637 2088 posset.
691 2011 764 2070 His·
779 2012 871 2070 rebus
896 2029 966 2070 curn
990 2011 1053 2070 iter
1075 2012 1212 2087 agminis

210 2109 311 2167 nostri
324 2108 538 2186 impediretur,
551 2126 614 2166 uon
628 2107 839 2167 omittendum
849 2107 910 2167 sibi
921 2107 1087 2168 consilium
1098 2108 1212 2167 Nervii

160 2236 189 2267 κο
210 2205 480 2265 existimaverunt.

250 2300 304 2367 18.
333 2302 410 2361 Loci
430 2308 544 2362 natura
564 2307 631 2361 erat
651 2302 737 2376 haec,
754 2321 846 2379 quem
863 2301 967 2361 locum
984 2301 1085 2361 nostri
1097 2301 1212 2361 castris

209 2399 398 2475 delegerant.
441 2399 538 2459 Collis
560 2398 600 2458 ab
621 2417 743 2458 summo
756 2398 930 2475 aequaliter
943 2399 1074 2458 declivis
1096 2399 1137 2458 ad
1155 2399 1213 2458 flu·

209 2515 279 2554 men
299 2495 413 2568 Sabim,
429 2496 513 2573 qnod
534 2514 630 2572 supra
649 2495 889 2568 nominavimus,
904 2497 1059 2572 vergebat.
1102 2495 1153 2555 Ab
1173 2514 1212 2555 eo

209 2590 337 2650 flumine
358 2592 428 2668 pari
448 2592 632 2652 adclivitate
652 2592 742 2651 collis
764 2593 952 2651 nascebatur
967 2593 1116 2651 adversus
1137 2592 1212 2652 huic

107 2719 116 2734 ·
158 2714 185 2762 ις
210 2692 242 2746 et
262 2687 444 2761 contrarius,
467 2705 578 2764 passus
599 2687 726 2746 circiter
746 2688 897 2749 ducentos
921 2690 1047 2749 infimus
1072 2695 1210 2767 apertus,

209 2785 249 2844 ab
263 2785 422 2862 superiore
436 2789 527 2862 parte
542 2784 699 2844 silvestris
720 2792 757 2844 ut
778 2804 839 2844 non
862 2786 955 2845 facile
974 2787 1130 2847 introrsus
1144 2806 1213 2865 per-

209 2881 289 2960 spici
315 2886 430 2959 posset.
474 2881 565 2940 Intra
591 2899 644 2940 eas
672 2882 770 2942 silvas
797 2883 904 2942 hostes
931 2883 966 2941 in
993 2885 1116 2944 occulto
1142 2903 1211 2944 sese

209 2978 428 3055 continebant3
457 2978 491 3036 in
519 2983 627 3055 aperto
654 2978 724 3038 loco
751 2980 921 3039 secundum
949 2980 1065 3041 flumen
1093 3000 1211 3059 paucae

209 3076 361 3136 stationes
389 3075 532 3153 equitum
556 3075 752 3135 videbantur.
795 3076 951 3137 Fluminis
979 3084 1047 3137 erat
1074 3078 1210 3138 altitudo

158 3194 187 3241 30
208 3172 323 3250 pedum
338 3172 463 3231 circiter
477 3172 583 3231 trium.
1066 3240 1069 3244 A
1172 3243 1176 3249 .

249 3267 304 3333 lu.
332 3269 445 3328 Caesar
456 3268 601 3345 equitatu
614 3270 787 3347 praemisso
801 3270 1050 3347 subsequebatur
1064 3270 1210 3330 omnibus

209 3365 325 3442 copiis;
353 3365 409 3424 sed
433 3364 514 3424 ratio
535 3365 673 3444 ordoque
694 3367 829 3444 agminis
850 3367 944 3426 aliter
964 3386 998 3427 se
1017 3368 1154 3428 habebat
1174 3386 1211 3427 ac
1264 3385 1267 3388 ·
