2725 3759
425 621 463 686 C.
491 621 591 687 IULI
623 619 851 686 CAESARIS

194 757 201 764 “
322 791 403 871 nu
448 790 643 872 nunno
692 788 958 888 clinico

463 1036 583 1085 LIBER
607 1035 823 1085 SECUNDUS.

469 1192 534 1238 Rc.
551 1191 606 1243 573
627 1192 733 1238 A.U.O.
749 1191 819 1237 697.

320 1383 394 1432 THE
417 1382 578 1431 BELGIAN
600 1382 977 1434 LuAGUn-DEFEATED.

188 1557 219 1623 l.
248 1557 326 1618 Cum
341 1562 425 1616 esset
439 1549 554 1617 Gaesar
567 1556 601 1614 in
614 1555 760 1616 citeriore
769 1539 881 1617 ¹Grallia
893 1555 927 1615 in
940 1555 1090 1632 hibernis,
1102 1556 1150 1617 ita

146 1656 196 1715 uti
211 1673 307 1733 supra
320 1652 612 1728 demonstravimus,
624 1653 725 1712 crebri
739 1653 780 1713 ad
792 1672 865 1713 eum
879 1671 1019 1713 rumores
1030 1653 1150 1713 adiere

146 1753 270 1826 bantur,
286 1750 466 1828 litterisque
480 1749 557 1809 item
571 1749 703 1809 Labieni
716 1749 831 1810 certior
844 1749 940 1810 fiebat
957 1768 1064 1809 omnes
1079 1748 1150 1808 Bel-

146 1858 213 1926 gas,
227 1868 321 1927 quam
335 1846 464 1907 tertiam
478 1865 547 1906 esse
562 1846 685 1907 Galliae
703 1851 824 1925 partem
837 1846 1025 1922 dixeramus,
1040 1850 1149 1906 contra

146 1946 298 2024 populum
318 1945 497 2004 Romanum
514 1942 677 2004 coniurare
697 1943 884 2022 obsidesque
904 1942 988 2003 inter
1008 1963 1042 2003 se
1063 1943 1146 2002 dare.
1172 1970 1184 2018 5

147 2041 339 2104 Coniurandi
353 2041 410 2100 has
425 2060 493 2101 esse
511 2059 634 2101 causas:
656 2040 792 2118 primum
811 2040 895 2117 quod
909 2046 1092 2100 vererentur
1107 2060 1148 2099 ne

146 2139 232 2199 omni
251 2143 363 2217 pacata
379 2137 485 2199 Gallia
501 2138 541 2197 ad
559 2156 612 2197 eos
631 2137 788 2197 exercitus
803 2144 910 2197 noster
924 2138 1147 2214 adduceretur,

147 2235 260 2295 deinde
275 2236 359 2312 quod
372 2235 412 2293 ab
425 2233 587 2293 nonnullis
603 2233 704 2294 Gallis
719 2232 973 2309 sollicitarentur,
983 2234 1148 2311 —p'artim

147 2332 211 2409 qui,
236 2336 274 2391 ut
299 2332 472 2391 Germanos
496 2329 615 2389 diutius
640 2329 675 2387 in
700 2329 806 2390 Gallia
827 2330 947 2389 versari
971 2329 1147 2404 noluerant,

144 2428 194 2489 ita
216 2426 327 2505 populi
350 2425 486 2486 Romani
509 2426 682 2486 exercitum
709 2425 849 2486 hiemare
873 2431 968 2502 atque
994 2426 1148 2486 invetera·
1172 2455 1200 2487 ιο

147 2544 232 2585 rcere
253 2524 288 2583 in
309 2523 416 2585 Gallia
435 2523 568 2583 moleste
589 2522 750 2598 ferebant3
773 2523 889 2601 partim
903 2523 958 2600 qui
972 2522 1148 2583 mobilitate

146 2626 178 2681 et
194 2621 326 2681 levitate
340 2619 439 2679 animi
455 2619 545 2679 novis
563 2619 704 2697 imperiis
721 2619 908 2696 studebaut3
930 2619 970 2679 ab
986 2620 1147 2680 nonnullis

145 2718 250 2795 etiam,
273 2718 359 2795 quod
378 2715 412 2774 in
434 2715 540 2778 Gallia
560 2735 579 2776 a
599 2716 829 2793 potentioribus
851 2722 946 2793 atque
967 2716 1008 2776 iis
1030 2716 1085 2794 qui
1108 2718 1148 2777 ad

144 2815 361 2875 conducendos
386 2813 529 2872 homines
554 2812 724 2872 facultates
745 2811 911 2889 habebant,
932 2813 1028 2890 vulgo
1052 2833 1149 2891 regna

140 2912 385 2990 occupabantur,
400 2910 456 2987 qui
472 2909 576 2969 minus
595 2908 690 2969 facile
709 2928 778 2969 eam
796 2928 862 2969 rem
882 2909 1016 2988 imperio
1036 2918 1146 2971 nostro
1172 2939 1197 2988 ις

144 3008 295 3086 consequi
308 3012 463 3086 poterant.

186 3105 221 3171 2.
249 3104 311 3165 His
329 3103 452 3163 nuntiis
468 3103 650 3182 litterisque
663 3111 836 3164 commotus
851 3105 966 3166 Caesar
980 3105 1057 3165 duas
1073 3105 1148 3182 legi-

143 3221 219 3262 ones
234 3202 268 3259 in
282 3201 427 3262 citeriore
442 3201 548 3262 Gallia
561 3220 659 3260 novas
674 3201 870 3278 conseripsit,
885 3207 918 3260 et
932 3201 1014 3261 inita
1027 3208 1147 3262 aestate

144 3299 179 3358 in
192 3297 374 3357 interiorem
394 3296 530 3357 Galliam
548 3297 603 3373 qui
622 3297 790 3356 deduceret
806 3298 840 3367 Q.
856 3297 988 3357 Pedium
1008 3299 1147 3376 legatum

144 3395 241 3455 misit.
287 3394 370 3472 Ipse,
392 3413 463 3453 cum
483 3393 620 3480 primum
644 3393 753 3471 pabuli
775 3393 865 3471 copia
888 3413 957 3454 esse
981 3396 1143 3472 inciperet,
1170 3424 1199 3455 ιο

1010 3517 1039 3560 ae
