2725 3759
124 151 167 216 12
446 143 606 209 cAEsAs's
629 158 764 207 aarum
788 157 876 206 wau

173 331 242 390 loco
266 328 437 390 secundum
462 326 578 387 flamen
603 344 719 405 paucae
745 326 898 386 stationes
926 325 1070 405 equitum
1097 326 1183 388 vida

174 426 300 486 bantur.
344 424 499 484 Flaminis
515 428 583 483 erat
597 423 733 483 altitirdo
747 424 864 500 pedum
878 422 1004 483 circiter
1017 423 1125 483 trium.

322 553 485 598 summum,
498 540 608 587 culmen.
725 538 884 595 intramus,
896 538 977 587 iutra

323 622 457 679 daclivls,
468 621 601 682 procacis.
725 622 758 668 ln
770 622 899 676 occulto,
911 620 1025 669 abditus.

322 718 422 764 vergo,
432 704 559 764 pertineo.
727 703 828 760 statio,
842 702 969 752 eustadio.

323 790 439 846 nascor,
453 786 535 845 orior,
549 782 573 832 4.
725 785 854 844 circltcr,
868 784 911 834 cd.

192 955 254 1013 The
267 955 343 1030 plau
359 955 397 1029 of
410 953 510 1012 attede
525 954 553 1010 is
570 951 704 1027 skilfully
720 951 840 1009 carried
858 957 910 1009 out
928 951 1028 1025 bytho
1047 951 1164 1010 Neruii.

215 1073 270 1141 19.
302 1074 416 1136 Caesar
440 1072 586 1150 equitatu
610 1076 781 1150 praemisso
809 1070 1057 1147 subsequabatur
1083 1071 1182 1131 omni-

175 1171 234 1232 bus
248 1170 355 1248 copiis.
399 1169 461 1229 Sed
475 1169 558 1247 quod
576 1169 616 1228 ad
633 1167 740 1227 hostes
759 1167 1038 1244 adpropinquabat,
1054 1174 1182 1229 oansua»

175 1268 284 1327 tadine
314 1285 372 1326 sua
400 1284 457 1325 sex
485 1265 624 1341 legiones
654 1263 818 1341 expeditas
845 1264 994 1340 dicabat3
1025 1270 1096 1343 post
1125 1284 1179 1325 eas

175 1369 274 1423 tatius
292 1362 448 1423 exercitus
468 1362 693 1439 impedimenta
708 1361 904 1434 conlocarat3
926 1361 999 1421 inde
1013 1362 1092 1422 duae
1105 1362 1182 1440 legi·
1237 1355 1245 1365 ⁸

140 1478 154 1525 5
176 1469 260 1534 anes,
275 1478 355 1537 quae
371 1459 511 1537 proxime
528 1463 723 1534 canscriptae
740 1463 838 1532 erant,
854 1463 957 1518 tatum
975 1465 1085 1534 agmen
1100 1458 1181 1519 clau-

176 1558 292 1617 dabant
306 1555 525 1634 praesidioque
539 1554 773 1633 impedimentis
788 1561 887 1618 erant.
920 1555 1054 1632 Equites
1069 1555 1179 1631 nostri,

176 1674 247 1714 cum
268 1652 481 1712 funditoribus
502 1651 737 1729 sagittariisque
758 1650 873 1711 flamen
895 1651 1180 1728 transgressurum

176 1751 315 1810 hostium
334 1749 479 1827 equitatu
498 1749 651 1828 proelium
668 1754 900 1808 commisarunt.
942 1748 997 1807 Illi
1015 1767 1048 1808 se
1066 1749 1191 1816 identie

176 1849 246 1908 dem
266 1847 300 1905 in
319 1846 415 1906 silvas
435 1845 475 1905 ad
493 1864 566 1906 suos
585 1844 778 1921 recipiabant
799 1853 836 1904 ac
858 1853 963 1906 rarsus
984 1865 1024 1906 ex
1044 1845 1127 1906 silva
1146 1846 1180 1905 in

128 1961 156 1994 10
177 1950 299 2003 nostros
321 1943 474 2020 impetum
494 1942 660 2002 faciebant.
704 1942 839 2002 Interim
859 1942 999 2019 legiones
1020 1961 1083 2015 ser,
1098 1962 1179 2021 quae

176 2046 294 2119 primae
310 2045 467 2111 vanerant,
483 2057 577 2115 opere
594 2039 735 2098 dimanso
749 2045 853 2098 castra
867 2045 986 2098 manare
1000 2045 1178 2117 coeperunt.

178 2137 243 2196 Ubi
267 2141 368 2214 prima
391 2135 616 2213 impedimenta
640 2135 742 2195 nostri
764 2135 921 2195 exercitus
945 2137 985 2195 ab
1007 2135 1047 2195 iis
1071 2134 1179 2213 quiin

177 2233 267 2293 silvis
289 2231 389 2292 abditi
414 2231 555 2291 latabaut
581 2237 649 2291 visa
673 2236 756 2306 sunt,
781 2232 885 2292 subito
913 2231 1057 2291 omnibus
1079 2231 1178 2309 capiis

176 2329 422 2408 pravolavarunt
444 2327 660 2405 impetumque
681 2329 715 2387 in
736 2334 860 2387 nostros
882 2328 1005 2405 equites
1026 2330 1177 2388 facarunt.

128 2443 155 2490 ῐ5
178 2430 237 2486 His
256 2423 351 2485 facile
370 2423 473 2501 pulsis
492 2433 527 2485 ac
544 2425 750 2503 proturbatis,
768 2424 944 2484 ineradibili
962 2424 1123 2484 celeritate
1139 2424 1180 2483 ad

176 2525 293 2583 flinnen
307 2525 560 2596 dacuourrarunt,
576 2527 613 2580 ut
629 2541 727 2599 paene
745 2528 806 2581 ano
824 2526 964 2597 tempore
980 2521 1019 2580 ad
1036 2521 1132 2580 silvas
1146 2526 1179 2581 et

175 2622 210 2680 in
228 2619 357 2681 flamine
373 2626 407 2681 et
425 2619 489 2679 iam
508 2617 540 2676 in
558 2619 704 2677 manibus
723 2615 839 2677 nostris
861 2618 969 2677 hostes
984 2618 1177 2677 vidarentur.

176 2718 295 2777 Eadem
316 2723 422 2776 autem
443 2714 604 2775 celeritate
625 2715 758 2773 adverso
779 2713 858 2773 colle
883 2715 923 2774 ad
945 2720 1054 2775 nostra
1077 2719 1180 2774 castra

176 2820 271 2892 atque
286 2831 338 2873 eos
353 2811 456 2891 quiin
471 2830 562 2889 opere
577 2810 721 2889 occupati
737 2816 826 2870 erant
841 2813 1076 2871 contendarunt.

242 2932 417 2989 subsequor,
426 2927 580 2990 praequm,
595 2924 634 2973 11.
810 2927 961 2985 dimetior,
973 2927 1073 2976 mitior.

242 3015 376 3070 conloco,
386 3012 467 3072 pano,
481 3008 504 3058 8.
809 3011 899 3069 lateo,
912 3023 952 3058 me
963 3009 1026 3059 calo.

242 3096 456 3153 transgredior,
471 3092 584 3142 transeo.
810 3095 944 3152 mavolo,
956 3094 1063 3154 praruo.

242 3177 416 3231 identidem,
430 3177 524 3224 acerram
536 3181 614 3235 atque
627 3175 731 3223 aarum
810 3178 967 3233 matur-bo,
973 3175 1050 3236 sepo.

242 3261 354 3314 tarsus,
367 3259 469 3306 iterum.
811 3269 913 3314 paene,
919 3256 987 3316 fere.

243 3340 373 3397 interim,
385 3340 495 3397 tricocco,
509 3336 549 3387 12.
811 3338 968 3396 contendo,
980 3350 1100 3398 propero,
1115 3335 1138 3385 7.
