2725 3759
596 209 707 256 umus
729 209 769 256 11.
1164 187 1206 251 31

150 374 265 457 Belgas
284 374 557 452 amplificatum,
576 395 709 453 quorum
727 375 854 435 auxiliis
873 380 969 453 atque
987 372 1108 452 opibus,
1123 373 1153 433 si

150 490 214 548 qua
227 471 310 531 bella
321 471 500 546 inciderint,
516 478 693 532 sustentare
707 473 896 532 consuerint.

192 566 246 632 15.
274 569 389 628 Caesar
408 568 535 628 honoris
560 569 711 629 Divitiaci
736 575 831 646 atque
855 570 1035 627 Aeduorum
1059 587 1154 628 causa

151 684 220 725 sese
242 684 294 724 eos
317 665 350 723 in
372 665 466 725 fidem
489 674 688 744 recepturum
714 672 747 725 et
771 673 1027 726 conservaturum
1051 665 1151 740 dixit5

152 763 236 840 quod
257 768 325 822 erat
344 762 458 822 civitas
478 782 593 840 magna
612 764 697 822 inter
715 764 829 839 Belgas
851 764 1040 823 anctoritate
1058 768 1154 839 atque
1180 790 1191 837 ς

152 859 314 919 hominum
336 860 541 919 multitudine
562 862 750 937 praestabat,
772 867 935 920 sexcentos
957 860 1081 920 obsides
1102 879 1154 937 pc
1227 909 1239 931 ,

152 956 263 1034 poscit.
305 957 367 1015 His
381 957 509 1016 traditis
524 958 732 1034 omnibusque
746 958 841 1016 arinis
862 976 902 1015 ex
923 958 1039 1035 oppido
1052 956 1153 1016 conla-

152 1052 206 1127 tis,
228 1053 269 1112 ab
292 1073 329 1112 eo
352 1053 422 1112 loco
446 1054 480 1111 in
504 1053 583 1113 fines
608 1055 835 1114 Ambianorum
860 1055 1013 1132 pervenit,
1039 1054 1094 1132 qui
1119 1073 1153 1113 se

153 1168 271 1227 suaque
290 1150 396 1210 omnia
414 1150 482 1210 sine
500 1170 588 1211 mora
605 1151 801 1211 dediderunt.
845 1153 962 1211 Eorum
981 1152 1059 1211 fines
1076 1152 1154 1211 Ner·

152 1247 199 1306 vii
223 1248 439 1324 attingebaut3
467 1266 600 1325 quorum
623 1250 661 1307 de
684 1255 799 1308 natura
818 1249 1020 1326 moribusque
1041 1250 1154 1309 Caesar
1180 1277 1207 1307 ιο

153 1362 225 1405 cum
236 1350 408 1421 quaereret,
420 1345 466 1405 sic
477 1345 666 1423 reperiebat:
689 1346 823 1405 Nullum
834 1346 955 1405 aditum
966 1365 1034 1406 esse
1046 1346 1086 1405 ad
1099 1364 1153 1405 eos

154 1441 396 1516 mercatoribus3
425 1440 506 1500 nihil
531 1442 599 1520 pati
620 1442 687 1501 vini
708 1443 963 1521 reliquarumque
984 1462 1088 1503 rerum
1109 1442 1153 1501 in-

154 1539 241 1614 ferri,
269 1539 351 1617 quod
382 1540 422 1599 iis
452 1541 545 1599 rebus
576 1540 811 1616 relanguescere
838 1540 959 1599 animos
987 1560 1093 1600 eorum
1120 1546 1153 1599 et
1225 1541 1227 1545 ’

155 1636 275 1696 remitti
289 1637 440 1696 virtutem
454 1637 690 1697 existimarent:
713 1656 781 1697 esse
802 1637 945 1697 homines
966 1637 1050 1697 feros
1071 1657 1154 1714 mag·

155 1753 275 1813 uaeque
306 1734 455 1809 virtutis3
490 1734 679 1811 increpitare
710 1739 806 1811 atque
839 1736 983 1794 incusare
1017 1735 1154 1811 reliquos
1181 1760 1205 1807 ¹5

154 1832 269 1909 Belgas
294 1832 349 1909 qui
374 1850 407 1890 se
432 1832 548 1909 populo
570 1832 712 1891 Romano
737 1831 933 1891 dedidissent
957 1830 1154 1908 patriamque

155 1929 306 1988 virtutem
338 1928 563 2006 proiecissent3
595 1929 779 1989 confirmare
807 1947 875 1988 sese
904 1946 1006 2005 neque
1033 1928 1153 2003 legatos

155 2026 306 2086 missuros
320 2044 422 2103 neque
435 2026 534 2085 ullam
548 2025 762 2086 condicionem
776 2026 863 2103 pacis
877 2031 1066 2102 accepturos.

196 2121 250 2189 16.
278 2123 356 2183 (lum
377 2141 434 2200 per
454 2141 562 2182 eorum
582 2122 661 2181 fines
683 2123 824 2181 triduum
841 2123 903 2181 iter
919 2122 1056 2194 fecisset,
1071 2122 1155 2182 inve·

156 2218 263 2278 niebat
287 2238 326 2277 ex
353 2218 487 2295 captivis
516 2218 622 2278 Sabim
650 2218 767 2278 flumen
795 2220 834 2277 ab
861 2218 975 2279 castris
1002 2219 1069 2278 suis
1093 2238 1156 2278 non
1180 2246 1209 2277 20

157 2314 292 2392 amplius
307 2314 396 2374 milia
409 2333 558 2391 passuum
574 2334 596 2372 x
612 2315 738 2374 abesse:
759 2320 848 2373 trans
866 2315 900 2374 id
916 2314 1033 2375 flumen
1047 2334 1155 2375 omnes

156 2412 291 2472 Nervios
308 2411 487 2471 consedisse
501 2412 734 2489 adventumque
748 2411 794 2470 ibi
807 2412 1019 2470 Romanorum
1033 2430 1156 2489 exspec-

155 2516 225 2569 tare
245 2528 309 2569 una
329 2528 399 2568 cum
419 2507 582 2567 Atrebatis
604 2514 637 2567 et
656 2507 885 2568 Veromanduis
910 2508 1054 2568 finitimis
1078 2509 1154 2583 suis,

156 2626 229 2666 nam
252 2606 303 2666 his
325 2605 468 2684 utrisque
490 2612 711 2682 persuaserant
734 2604 784 2663 uti
807 2605 937 2664 eandem
962 2606 1037 2665 belli
1060 2605 1158 2665 fortu-

155 2723 229 2763 nam
243 2703 479 2782 expen'rentur3
500 2702 676 2780 exspectari
692 2702 786 2762 etiam
802 2703 842 2761 ab
854 2701 904 2761 his
918 2702 1159 2763 Aduatucorum·
1182 2731 1209 2778 25
1251 2743 1257 2756 .

155 2800 261 2877 copias
275 2807 370 2877 atque
384 2819 452 2860 esse
466 2800 500 2858 in
514 2799 644 2874 itinere;
662 2799 809 2859 mulieres
824 2800 940 2876 quique
955 2818 1011 2877 per
1020 2806 1156 2860 aetatem

156 2898 198 2957 ad
217 2917 353 2974 pugnam
375 2896 505 2956 inutiles
519 2897 704 2956 viderentur
720 2896 754 2954 in
771 2915 843 2955 enm
860 2896 962 2955 locum
976 2897 1155 2972 coniecisse,

157 3014 220 3072 quo
233 3001 361 3072 propter
374 2993 505 3072 paludes
520 2992 672 3053 exercitui
687 2993 792 3051 ariitns
806 3011 870 3051 uon
884 2998 976 3051 esset.

197 3090 249 3156 17.
277 3091 339 3150 His
366 3091 459 3150 rebus
485 3083 622 3166 'cognitis
650 3089 864 3165 exploratores
896 3089 1157 3167 centurionesque

157 3187 335 3267 praemittit
348 3187 404 3264 qui
416 3188 521 3247 locum
534 3186 682 3245 idoneum
696 3186 809 3245 castris
824 3185 975 3261 deligant.
1018 3187 1098 3246 Cum
1116 3205 1156 3246 ex
1183 3217 1213 3262 30

157 3283 317 3345 dediticiis
337 3283 446 3359 Belgis
467 3282 660 3360 reliquisque
679 3282 783 3342 Gallis
804 3282 979 3359 complures
994 3282 1158 3343 Caesarem

158 3381 347 3469 secutique
370 3381 432 3440 iter
453 3381 602 3453 iacerent,
626 3378 756 3455 quidam
779 3396 819 3437 ex
842 3377 902 3452 his,
926 3384 962 3437 ut
986 3384 1096 3456 postea
1118 3399 1158 3439 ex
