2725 3759
467 174 625 238 oAEsAn’s
648 192 781 239 canoro
805 192 891 240 wnu

244 393 351 456 Oaesar
369 394 458 452 lenies
478 400 534 452 two
554 393 665 470 legions
686 396 750 452 and
770 395 906 453 marchen
924 400 1045 472 uyoinst
1063 398 1148 456 them.

236 506 270 572 2.
300 508 361 565 His
376 506 496 565 nuntiis
511 506 690 583 litterisque
701 513 875 566 commotus
890 514 939 566 est
950 509 1071 569 Caesar.
1108 512 1195 570 Duas

193 603 334 680 legiones
356 603 389 661 in
410 603 554 662 citeriore
576 602 681 663 Gallia
701 622 798 662 novas
819 605 1012 681 conscripsit.
1055 607 1095 664 In
1119 607 1197 666 inte-

194 701 308 760 riorem
330 699 467 761 Galliam
491 699 547 777 qui
571 699 628 758 hos
653 699 792 775 legiones
816 701 982 759 dediceret
1003 702 1038 771 Q.
1062 703 1195 762 Pedium

193 800 333 876 logotum
362 796 457 855 misit.
500 796 582 873 Ipse,
608 814 678 856 cum
710 802 844 873 primum
873 796 982 875 pobuli
1011 798 1101 876 copia
1127 817 1195 859 esse

158 914 172 962 s
195 897 356 974 inciperet,
378 894 419 954 ad
439 892 612 952 exercitum
633 892 729 952 vonit.
776 893 913 954 Senones
935 894 1067 953 finitimi
1088 895 1194 971 Belgis

194 1000 291 1055 erant.
333 993 382 1052 Ea
395 1009 477 1069 quaa
489 991 576 1069 apud.
585 990 701 1067 Belgas
716 997 867 1067 geruntur
881 998 1073 1067 cognoscunt
1088 993 1196 1052 Caesa—

195 1110 323 1168 remque
342 1091 381 1149 de
400 1088 449 1150 his
466 1089 561 1157 robus
574 1090 747 1158 roertiorem
771 1088 901 1147 faciunt.
945 1088 990 1146 Hi
1015 1094 1196 1147 constanter

195 1207 302 1249 omnes
313 1187 540 1247 nontiovorunt
549 1205 660 1246 manus
671 1186 748 1262 cogi,
759 1186 930 1245 exercitum
942 1186 975 1244 in
987 1192 1082 1244 onum
1092 1185 1195 1244 locum

195 1287 334 1347 condiri.
377 1286 458 1343 Tum
481 1290 554 1343 voro
574 1291 638 1342 non
660 1282 819 1341 dubitavit
844 1283 958 1343 Caesar
982 1288 1058 1360 quin
1081 1281 1194 1341 adens

147 1413 175 1447 10
196 1378 451 1460 proficiscerotur,
494 1382 607 1457 Itaque
629 1385 735 1439 castra
757 1387 862 1438 movet
881 1378 1053 1456 diobusque
1071 1378 1196 1437 circiter

195 1479 372 1557 quindecim
386 1479 522 1539 adfines
536 1476 706 1554 Belgorum
720 1476 873 1553 pervenit.

259 1594 394 1651 montius,
407 1593 506 1642 romor.
617 1599 619 1602 ’
850 1595 932 1652 cogo,
946 1592 1058 1653 conligo.

260 1677 429 1725 finitimus:
448 1676 560 1735 uicinus,
571 1675 749 1736 propinquus.
850 1676 994 1733 condrion,
1008 1675 1121 1735 conligo.

259 1771 345 1820 gero:
365 1772 424 1821 apo,
433 1757 518 1820 socio.
853 1758 1002 1816 pervenio,
1016 1756 1118 1806 accido.

330 1910 390 1969 rue
411 1910 556 1971 Remini
576 1930 646 1971 cuce
667 1912 747 1971 show
768 1912 815 1970 1111
835 1912 920 1970 while
934 1912 1063 1988 fecilior.

238 2021 272 2089 3.
301 2023 348 2083 Eo
362 2024 401 2083 de
421 2023 591 2101 impreviso
613 2025 817 2102 celeriterque
832 2025 918 2084 vonit
940 2025 1060 2085 Caesar.
1102 2023 1196 2085 Romi

196 2120 320 2181 adeum
334 2120 454 2196 logotos
469 2121 588 2180 Iccium
607 2127 640 2180 et
659 2122 946 2181 Andocumborium
965 2127 1124 2196 miserunt,
1139 2121 1195 2200 qui

196 2218 341 2277 dixerunt
360 2235 394 2276 se
411 2217 516 2277 omnia
536 2218 571 2277 in
591 2217 686 2277 fidem
707 2225 801 2296 atque
824 2219 857 2277 in
878 2225 1066 2297 potestatem
1087 2218 1195 2297 populi

195 2312 330 2373 Romani
352 2313 542 2391 permittere.
587 2320 605 2351 “
613 2314 706 2374 Romi
727 2334 828 2393 neque
849 2335 919 2375 curn
939 2315 1046 2391 Belgis
1065 2315 1195 2393 reliquis

87 2473 93 2484 ,
159 2427 174 2474 5
196 2417 420 2471 consonsorunt
438 2431 540 2490 neque
561 2420 671 2473 contra
691 2413 842 2491 populum
863 2414 1038 2473 Romanum
1060 2415 1196 2474 (10111111-

196 2514 316 2568 vorant.
362 2508 470 2569 Paroti
492 2516 567 2571 sunt
588 2513 712 2572 obsides
733 2514 807 2573 dare
829 2518 861 2573 11
882 2514 1022 2575 Caesaris
1044 2514 1197 2591 imperita

197 2605 299 2664 faeere
308 2611 340 2666 et
349 2625 420 2665 eum
432 2608 557 2685 oppidis
566 2610 704 2686 recipere
714 2614 746 2668 et
754 2610 913 2670 fromento
924 2617 1095 2688 noterisque
1104 2611 1195 2670 robus

196 2696 313 2762 invore·
355 2703 484 2781 Reliqui
499 2724 605 2765 omnes
620 2706 736 2782 Belgae
751 2706 893 2766 inarmis
913 2713 995 2767 sunt.
1038 2707 1195 2780 Germoni,

197 2799 251 2880 qui
276 2800 320 2859 cis
345 2799 490 2859 Rhonum
517 2801 667 2876 incolunt,
697 2809 765 2862 sose
789 2822 860 2863 cum
884 2803 933 2862 1111
959 2804 1195 2863 conionxorunt.

147 2925 175 2958 ιο
197 2900 318 2959 Tantus
332 2904 382 2960 est
395 2907 503 2959 eorum
514 2899 652 2958 omniurn
668 2899 756 2958 furor
769 2904 860 2959 utne
875 2899 1055 2959 Suessiones
1071 2900 1197 2977 quidem

197 2997 352 3057 (1111111111
363 2997 487 3075 possint
497 2996 599 3056 Romi.
630 2996 814 3056 Suessiones
826 2996 940 3056 frotres
950 2998 1119 3056 Romorum
1129 3003 1198 3055 con-

197 3094 420 3171 sanguineique
432 3098 507 3160 sunt
516 3092 707 3171 eodemque
699 3101 765 3153 rore
775 3099 807 3153 et
816 3095 916 3152 isdem
926 3093 1091 3169 legibus‘t
1057 3113 1076 3150 u
1078 3098 1196 3151 tuntur

196 3190 331 3251 Unum
323 3190 489 3268 1mperium
507 3198 670 3268 imumque
679 3191 899 3267 magistratum
914 3208 985 3249 cum
1000 3188 1039 3247 iis
1051 3175 1196 3247 habent’'

145 3308 183 3355 de
194 3307 373 3365 improviso
392 3304 489 3363 subito,
500 3309 632 3366 repente
681 3304 853 3352 consentio·
872 3302 990 3360 corioro,
1002 3302 1197 3363 meconiunpo.

144 3389 296 3448 permitto,
308 3387 380 3436 dodo.
679 3388 824 3443 dommo,
836 3384 985 3433 (11111ᾱά11.
