2725 3759
580 231 681 280 BOOK
705 231 744 280 Η.

167 450 201 512 Α
218 452 306 513 battle
319 453 448 527 follows,
468 451 515 510 tte
534 452 635 528 Belem
653 469 707 511 are
726 452 861 526 defeated
879 450 943 509 and
961 451 1101 525 dirperm.

175 580 230 647 10.
262 582 376 643 Caesar
395 600 518 642 omnem
537 581 714 659 equitotum
734 585 766 640 et
785 579 865 642 levis
883 584 1058 639 armotorae
1072 579 1137 637 Nn-

134 680 245 755 midas,
267 679 444 739 funditores
467 678 712 756 sagittoriosque
736 683 862 756 pontem
883 677 1021 736 trodooit
1041 681 1136 753 atque

134 777 176 837 ad
190 795 242 836 eos
257 777 428 836 contendit.
464 762 590 835 leniter
601 776 634 833 in
649 794 686 835 eo
699 775 767 834 looo
779 780 951 852 pognotum
963 779 1020 833 est.
1057 774 1137 832 Hos-

133 879 184 934 tes
201 873 368 950 impedItos
387 873 489 932 nostri
506 872 539 930 in
558 871 686 931 flomine
705 872 844 948 adgressi
864 878 1012 947 mognum
1029 877 1137 929 eorum

134 988 300 1029 numerum
321 970 508 1029 oeciderunt.
558 970 680 1028 Primos
702 968 757 1046 qui
778 967 969 1027 tronsierant
991 967 1136 1044 equitotu
1158 980 1173 1028 5

135 1067 365 1127 circumventos
382 1066 618 1125 interfecerunt
666 1066 794 1147 Hostes,
810 1064 863 1123 ubi
878 1064 916 1123 de
930 1063 1136 1140 expognando

135 1162 252 1243 oppido
271 1181 360 1241 spem
378 1181 411 1223 se
429 1162 583 1224 fefellisse
603 1161 828 1232 intellexerunt
846 1179 948 1238 neque
965 1165 1088 1220 nostros
1103 1160 1137 1218 in

134 1260 239 1320 locum
260 1259 446 1337 iniquiorem
468 1259 613 1337 progredi
636 1259 781 1318 viderunt
800 1263 895 1335 atque
912 1257 997 1335 ipsos
1012 1275 1061 1316 res
1076 1257 1137 1316 fro·

135 1357 292 1441 mentoris
308 1355 438 1417 delinere
453 1357 564 1434 eoepit,
579 1355 745 1416 eonsilium
760 1359 1017 1416 oonvooovorunt
1060 1354 1138 1415 Gon·

136 1453 309 1515 stituerunt
329 1453 483 1533 optimum
502 1472 571 1514 esse
587 1453 713 1513 domum
730 1472 818 1513 snam
837 1469 992 1530 quemque
1011 1450 1135 1511 reverti.
1161 1472 1188 1506 ιο

136 1551 384 1612 constituerunt·
393 1551 489 1610 etium
505 1555 541 1610 ut
558 1558 690 1628 quorum
708 1550 741 1608 in
756 1550 838 1612 fines
852 1555 986 1628 primum
1001 1547 1137 1608 Romoni

135 1648 309 1708 exereitum
337 1647 587 1706 introduxissent
614 1646 654 1706 ad
682 1665 735 1705 eos
760 1646 973 1706 defendendos
997 1645 1137 1722 undique

136 1735 347 1804 convenirent.
390 1744 478 1813 Quod
492 1762 528 1802 eo
543 1742 674 1803 oonsilio
689 1743 840 1816 ioeoumt,
851 1747 888 1801 ut
903 1742 1008 1819 potius
1023 1742 1056 1799 in
1071 1741 1137 1800 suis
1167 1775 1170 1780 -

136 1860 229 1919 quam
245 1841 278 1900 in
292 1840 404 1901 alionis
419 1839 537 1899 finibus
552 1840 756 1899 dooertorent.
798 1839 851 1898 Ad
864 1857 933 1898 eam
947 1837 1136 1897 sententiam

136 1938 212 1997 haec
233 1937 314 1997 ratio
335 1956 387 1997 eos
409 1936 548 2012 dodoxit,
570 1935 655 2013 quod
677 1935 871 1995 Divitiacum
893 1940 989 2011 atque
1009 1933 1136 1994 Aeduos
1161 1953 1187 2000 15

135 2034 254 2094 finibus
278 2034 517 2094 Bellovacorum
538 2033 790 2110 adpropinquore
814 2037 1033 2108 cognoverant.
1075 2032 1136 2090 His

135 2132 317 2209 persuodori
331 2138 367 2190 nt
381 2130 500 2190 diotius
515 2134 713 2190 morerentur
726 2136 790 2189 non
804 2133 937 2208 poterat.

185 2266 350 2322 amotores,
364 2275 449 2312 orma.
685 2262 847 2319 eonstitum
860 2266 955 2311 metuo.

185 2346 303 2403 flenter,
317 2345 486 2395 vehementer.
686 2346 829 2403 revertor,
843 2343 927 2392 redeo.

158 2435 160 2439 “
185 2428 360 2488 nogromor:
377 2427 493 2477 adorior.
684 2426 820 2475 docento:
834 2426 938 2487 poeno,
951 2425 1056 2474 dimico.

185 2511 298 2569 occido,
312 2509 430 2558 mnetdo.
686 2508 844 2566 sententia,
857 2507 1008 2557 eonsilium.

176 2592 376 2653 'progredior-2
391 2590 513 2653 prooodo,
520 2590 629 2653 prodeo.
685 2603 795 2651 moror,
808 2594 925 2651 condor,
939 2588 964 2639 7.

293 2796 374 2873 They
393 2814 447 2856 ure
463 2796 600 2873 pursued
618 2793 690 2854 out
710 2796 805 2869 awfol
824 2795 982 2871 daughter.

176 2924 226 2991 11.
254 2926 302 2986 Ea
315 2945 349 2985 re
364 2926 544 3000 constitota‚
560 2926 696 2985 secunda
708 2924 820 3001 vigilia
838 2932 951 3001 mogno
969 2942 1040 2984 oum
1062 2929 1139 2985 stre·

54 3067 71 3085 x
135 3023 207 3101 pitu
226 3030 261 3082 oo
281 3023 421 3081 tumultu
437 3022 549 3081 eastris
569 3021 695 3097 egressi,
710 3021 797 3080 nollo
814 3027 898 3080 certo
913 3020 1022 3080 ordine
1036 3039 1138 3098 neque

135 3120 276 3197 imperio,
292 3118 433 3179 focerunt
449 3125 483 3177 ut
504 3117 676 3177 consimilis
692 3118 786 3193 fugae
801 3117 954 3194 profectio
968 3116 1136 3177 vidorotur.

135 3217 206 3276 Hoo
227 3227 260 3275 re
281 3216 390 3275 statim
411 3216 526 3277 Caesar
546 3232 602 3292 per
623 3215 836 3292 speoulotores
859 3213 985 3290 cognita
1005 3214 1137 3275 insidias

134 3312 255 3373 veritus
267 3311 439 3371 exereitum
450 3310 689 3389 equitotumque
703 3310 816 3371 eastris
827 3310 991 3370 continuit.
1031 3312 1137 3371 Prima
1159 3330 1173 3376 5

135 3409 205 3470 lose
220 3426 344 3468 omnem
357 3408 534 3485 equitotum
549 3407 604 3485 qui
617 3406 823 3467 novissimum
838 3414 950 3484 ogmen
964 3414 1137 3467 mororotur
