2725 3759
596 222 703 269 tinnit
727 223 762 270 ll.

155 389 210 448 alii
226 387 399 447 subsidium
415 388 521 462 ferret,
537 405 638 464 neque
654 388 804 447 timerent
824 406 864 447 ne
885 389 986 448 aversi
1007 389 1047 448 ab
1068 388 1158 447 hoste

155 484 463 559 circumvenirentur,
485 484 633 544 audacius
656 485 803 545 resistere
824 503 860 545 ac
882 485 997 545 fortius
1019 504 1158 563 pugnare

155 587 332 659 coeperunt.
375 582 508 640 Interim
531 576 659 640 milites
672 582 830 658 legionum
856 584 997 657 duarum,
1020 602 1099 661 quae
1123 582 1158 643 in

154 678 327 738 novissimo
338 678 461 755 agmine
473 678 629 757 praesidio
640 678 875 756 impedimentis
890 681 1025 756 fuerant,
1039 681 1158 758 proelio

154 776 301 835 nuntiato
321 794 414 836 cursu
435 775 568 836 incitato
590 775 624 833 in
644 794 767 835 summo
784 776 863 836 colle
877 777 917 836 ab
930 777 1074 839 hostibus
1089 798 1159 840 con·
1181 804 1193 854 ς

154 872 384 949 spiciebantur3
406 878 439 932 et
457 874 492 931 Τ,
508 872 667 932 Labienus
689 873 801 933 castris
822 873 962 933 hostium
983 876 1103 953 potitus
1124 884 1157 937 et

154 989 193 1028 ex
213 969 282 1029 loco
303 970 463 1047 superiore
484 988 564 1047 quae
585 988 636 1029 res
658 969 692 1028 in
712 970 828 1030 nostris
845 971 958 1032 castris
973 979 1157 1049 gererentur

154 1067 352 1144 conspicatus
380 1066 533 1126 decimam
560 1066 716 1144 legionem
746 1068 886 1128 subsidio
913 1070 1030 1130 nostris
1058 1070 1154 1131 misit.

154 1164 215 1234 Qui
236 1182 305 1223 cum
327 1183 367 1223 ex
388 1164 530 1241 equitum
554 1169 587 1223 et
608 1164 753 1224 calonum
774 1166 858 1242 fuga,
880 1185 942 1243 quo
963 1166 997 1225 in
1016 1167 1085 1229 loco
1106 1188 1156 1229 res

154 1266 250 1334 esset,
275 1267 454 1338 quantoque
482 1261 516 1318 in
544 1260 685 1339 periculo
712 1268 745 1321 et
772 1268 876 1323 castra
902 1269 935 1323 et
961 1264 1099 1341 legiones
1124 1272 1156 1326 et
1180 1288 1207 1319 ιο

154 1356 325 1435 imperator
347 1365 532 1434 versaretur,
548 1358 777 1435 cognovissent,
799 1341 880 1418 riihil
900 1361 942 1420 ad
961 1361 1156 1423 celeritatem

154 1454 215 1513 sibi
231 1453 345 1532 reliqui
359 1455 511 1515 fecerunt.

196 1549 250 1615 27.
279 1552 401 1611 Horum
416 1552 555 1613 adventu
569 1558 659 1613 tanta
671 1572 777 1613 rerum
791 1555 993 1614 commutatio
1007 1561 1056 1616 est
1069 1557 1156 1618 facta

152 1654 190 1707 ut
214 1649 323 1722 nostri,
345 1649 441 1708 etiam
462 1650 517 1727 qui
539 1650 722 1710 vulneribus
747 1652 883 1711 confecti
905 1653 1153 1730 procubuissent,

153 1745 251 1805 scutis
273 1745 374 1804 innixi
396 1746 549 1823 proelium
570 1746 836 1823 redintegrarent3
858 1754 927 1807 tum
943 1749 1067 1809 calones
1088 1770 1154 1828 per·
1178 1775 1203 1823 ¹5

153 1842 281 1902 territos
306 1842 413 1902 hostes
434 1843 608 1921 conspicati
626 1844 724 1903 etiam
746 1844 880 1903 inermes
901 1845 1030 1906 armatis
1052 1866 1155 1907 occur·

153 1947 277 2016 rerent3
313 1940 435 2018 equites
467 1960 550 2015 vero,
582 1948 618 2000 ut
649 1941 878 2018 turpitudinem
911 1942 1004 2019 fugae
1034 1944 1154 2006 virtute

154 2039 304 2113 delerent,
328 2040 473 2099 omnibus
498 2039 532 2097 in
556 2039 633 2098 locis
669 2058 792 2116 pugnae
820 2059 881 2117 quo
909 2058 942 2100 se
972 2040 1153 2117 legionariis

154 2135 309 2196 militibus
330 2138 534 2214 praeferrent.
577 2138 622 2195 At
642 2135 750 2195 hostes
772 2135 866 2195 etiam
888 2135 922 2194 in
943 2145 1084 2198 extrema
1097 2157 1153 2217 spe

153 2233 266 2293 salutis
293 2240 414 2294 tantam
443 2234 594 2293 virtutem
626 2231 853 2309 praestiterunt
883 2237 928 2306 ut,
957 2251 1028 2293 cum
1058 2235 1153 2312 primi
1176 2265 1204 2297 πο

152 2348 259 2390 eorum
281 2332 476 2404 cecidissent,
499 2330 633 2407 proximi
656 2329 831 2389 iacentibus
853 2329 1036 2390 insisterent
1058 2336 1153 2408 atque
1221 2397 1229 2411 ‚

152 2446 191 2486 ex
212 2446 319 2488 eorum
341 2428 520 2506 corporibus
542 2432 735 2505 pugnarent3
760 2425 811 2486 his
832 2426 962 2486 deiectis
983 2433 1016 2487 et
1036 2446 1154 2488 coacer-

152 2525 235 2584 vatis
249 2525 461 2598 cadaveribns‚
478 2525 532 2603 qui
552 2529 753 2602 superessent
772 2530 810 2582 ut
830 2542 870 2582 ex
891 2523 1012 2584 tumulo
1034 2525 1099 2584 tela
1119 2525 1154 2584 in

151 2628 275 2682 nostros
290 2622 468 2682 conicerent
482 2628 514 2681 et
528 2622 595 2699 pila
608 2620 785 2697 intercepta
799 2620 1013 2680 remitterent:
1036 2627 1072 2682 ut
1090 2641 1153 2683 non
1209 2620 1211 2624 ’

151 2719 343 2796 nequiquam
356 2725 464 2779 tantae
477 2719 605 2779 virtutis
620 2718 762 2778 homines
777 2717 908 2778 iudicari
919 2718 1047 2779 deberet
1060 2738 1152 2780 ausos
1175 2743 1202 2792 ις

151 2833 219 2874 esse
246 2815 381 2876 transire
409 2816 600 2876 latissimum
632 2815 757 2890 flumen,
787 2816 953 2877 ascendere
980 2816 1152 2877 altissimas

152 2901 245 2987 ripas,
264 2912 368 2973 subire
389 2913 623 2990 iniquissimum
644 2913 766 2988 locum3
787 2931 868 2990 quae
888 2912 997 2973 facilia
1017 2932 1057 2973 ex
1077 2914 1153 2974 diffi-
1187 2931 1193 2982 g

151 3008 279 3068 cillimis
294 3010 391 3069 animi
407 3009 590 3086 magnitudo
606 3010 775 3085 redegerat

193 3104 250 3171 28.
280 3108 349 3167 Hoc
361 3107 479 3184 proelio
493 3108 578 3166 facto
593 3113 625 3166 et
640 3126 736 3184 prope
751 3108 791 3166 ad
805 3105 1049 3167 internecionem
1060 3114 1153 3185 gente

151 3222 186 3261 ac
212 3204 336 3262 nomine
360 3203 549 3263 Nerviorum
575 3204 700 3262 redacto
724 3203 857 3263 maiores
879 3210 965 3276 natu,
989 3224 1067 3281 quos
1090 3225 1153 3264 una
1175 3229 1203 3273 30

150 3319 221 3359 cum
236 3301 341 3377 pueris
356 3300 602 3377 mulieribusque
619 3299 652 3357 in
669 3299 825 3359 aestuaria
841 3318 877 3358 ao
891 3300 1022 3376 paludes
1037 3302 1153 3360 coniec-

151 3402 200 3455 tos
219 3397 415 3472 dixeramus3
437 3396 494 3455 hac
509 3413 613 3472 pugna
627 3393 782 3469 nuntiata,
797 3413 868 3453 oum
882 3395 1056 3455 victoribus
1070 3395 1151 3454 nihil
