2725 3759
558 219 589 266 0.
611 217 693 266 IULI
714 215 893 266 CAESARIS

248 385 362 464 perint
408 384 470 445 His
493 384 650 444 mandatis
672 402 744 443 eum
766 383 806 443 ab
828 401 862 442 se
883 380 1028 441 dimittit.
1077 379 1255 456 Postquam

248 501 356 542 omnes
380 481 549 558 Belgarum
571 480 677 559 copias
702 480 735 539 in
756 498 855 539 unum
878 478 981 538 loonm
1006 481 1129 537 coaetus
1153 477 1195 535 ad
1219 492 1255 533 se

248 579 356 640 venire
370 577 460 653 vidit,
475 596 577 656 neque
594 577 657 637 iam
675 577 769 654 louge
787 576 896 636 abesse
914 574 954 634 ab
972 572 1012 633 iis
1027 591 1106 651 quos
1122 570 1256 631 miserat

249 673 498 755 exploratoribus
524 680 556 735 et
580 675 621 735 ab
645 673 756 734 Remis
780 671 936 750 cognovit,
958 670 1077 730 flumen
1096 669 1254 741 Monam,

213 802 225 850 5
250 774 335 852 quod
354 780 404 834 est
426 774 460 833 in
484 772 635 833 extremis
658 771 829 830 Remorum
852 765 1174 842 finibus,·exeroitum
1193 770 1257 824 tra·

250 872 362 932 ducere
382 870 554 931 maturavit
573 875 669 946 atque
690 866 735 928 ibi
755 871 860 927 eastra
878 863 994 944 posuit.
1043 864 1129 934 Quae
1149 879 1199 920 res
1221 866 1257 920 et

250 970 334 1029 latus
355 989 453 1030 unum
473 973 648 1029 castrorum
671 963 750 1043 ripis
773 961 913 1022 fluminis
937 960 1100 1021 muniebat
1123 964 1156 1018 et
1180 963 1257 1036 post

250 1086 321 1126 eum
336 1085 415 1145 quae
429 1070 535 1126 essent
550 1070 622 1125 tuta
634 1063 674 1124 ab
685 1060 830 1121 hostibus
844 1058 1003 1133 reddebat,
1015 1063 1048 1118 et
1062 1060 1256 1117 commeatus

251 1165 291 1225 ab
307 1165 417 1224 Remis
431 1162 625 1242 reliquisque
639 1157 823 1220 civitatibus
838 1161 875 1216 ut
889 1155 958 1216 sine
974 1153 1113 1233 periculo
1127 1153 1257 1212 adeum

203 1290 229 1321 10
251 1260 370 1340 portari
388 1266 495 1338 posset
513 1258 675 1319 efficiebat.
718 1257 759 1315 In
777 1274 813 1315 eo
833 1252 964 1312 flumine
979 1269 1063 1330 -pons
1084 1255 1160 1310 erat.
1203 1248 1258 1307 Ibi

251 1355 444 1435 praesidium
462 1356 551 1436 ponit
569 1361 602 1416 et
619 1354 654 1414 in
670 1355 771 1415 altera
788 1357 878 1431 parte
891 1348 1031 1409 fluminis
1045 1348 1080 1418 Q.
1095 1345 1258 1407 Titurium

253 1453 404 1515 Sabinum
418 1455 555 1531 legatum
574 1472 645 1513 eum
667 1471 723 1514 sex
743 1450 924 1512 cohortibus
945 1444 1107 1522 relinquit
1143 1444 1259 1505 Castra

252 1550 287 1609 in
311 1550 511 1611 altitudinem
538 1551 653 1629 pedum
681 1568 733 1609 111
757 1548 841 1609 vallo
864 1547 1013 1624 fossaque
1037 1540 1259 1619 duodeviginti

253 1648 368 1728 pedum
384 1648 506 1707 munire
521 1648 616 1708 iubet.

205 1773 229 1823 ¹5
293 1745 329 1810 6.
358 1744 411 1804 Ab
428 1743 479 1803 his
497 1743 608 1804 eastris
626 1743 776 1821 oppidum
798 1742 969 1802 Remorum
990 1738 1117 1800 nomine
1136 1736 1258 1797 Bibrax

253 1843 361 1903 aberat
375 1840 464 1900 milia
477 1859 626 1919 passuum
639 1846 720 1900 ooto.
755 1840 850 1899 Idex
868 1839 982 1899 itinere
1002 1856 1115 1916 magno
1131 1837 1257 1915 impetu

252 1940 369 2016 Belgae
383 1956 564 2015 oppugnare
578 1938 757 2015 coeperunt.
792 1937 895 2014 Aegre
914 1956 951 1997 eo
970 1936 1021 1997 die
1039 1943 1256 1998 sustentatum

254 2042 311 2097 est.
359 2035 522 2096 Gallorum
546 2034 653 2094 eadem
677 2040 773 2111 atque
797 2034 964 2111 Belgarum
987 2036 1182 2113 oppugnatio
1206 2042 1258 2096 est

254 2133 338 2193 haee.
382 2132 448 2191 Ubi
462 2130 661 2191 oireumieota
674 2130 878 2191 multitudine
897 2132 1060 2193 hominum
1078 2137 1156 2195 totis
1175 2156 1258 2197 moe
1343 2131 1344 2150 ¹

204 2260 233 2291 20
254 2230 346 2290 nibus
367 2227 508 2306 undique
532 2228 565 2287 in
589 2247 713 2287 murum
734 2228 854 2306 lapides
876 2230 937 2290 iaci
957 2233 1061 2311 coepti
1082 2241 1166 2309 sunt,
1191 2255 1258 2295 mu·
1343 2241 1344 2280 l

254 2345 369 2405 rusque
388 2325 606 2386 defensoribus
625 2324 761 2384 nudatus
780 2332 838 2400 est,
859 2329 1020 2391 testudine
1040 2331 1127 2392 faeta
1146 2338 1256 2410 portas

254 2425 426 2484 succedunt
442 2441 626 2500 murumque
646 2422 809 2482 subruunt.
852 2424 942 2495 Quod
958 2432 1027 2487 tum
1041 2429 1135 2489 faoile
1149 2430 1254 2490 fiebat.
1343 2427 1344 2496 ᾗ

253 2522 423 2582 Nemeum
442 2525 532 2580 tanta
550 2519 721 2580 multitudo
739 2521 861 2600 lapides
881 2544 916 2586 ao
935 2527 1001 2586 tela
1018 2527 1204 2600 conicerent,
1220 2528 1257 2588 in
1343 2543 1344 2560 ¹

254 2638 343 2678 muro
357 2616 549 2678 consistendi
566 2622 706 2693 potestas
721 2626 789 2680 erat
803 2622 892 2682 nulli.
928 2624 1007 2685 Cum
1026 2624 1118 2685 finem
1139 2645 1258 2704 oppug-

203 2743 230 2790 ²5
254 2716 350 2775 nandi
372 2734 435 2773 nox
455 2713 592 2787 fecisset,
612 2715 716 2776 Ionius
737 2719 864 2794 Remus,
887 2739 1009 2781 summa
1032 2721 1199 2782 nobilitate
1224 2728 1257 2782 et

254 2812 357 2889 gratia
370 2810 452 2869 inter
467 2828 548 2884 suos,
564 2811 618 2888 qui
636 2818 703 2872 tum
721 2816 837 2894 oppido
855 2818 1044 2895 praefuerat,
1059 2838 1142 2879 unus
1159 2838 1198 2879 ex
1215 2819 1255 2879 iis
1343 2813 1344 2878 i

254 2909 309 2987 qui
331 2907 429 2984 legati
451 2907 490 2966 de
514 2928 589 2986 paee
613 2912 653 2970 ad
676 2912 840 2972 Caesarem
862 2920 1021 2988 venerant,
1045 2915 1191 2975 nuntium
1216 2916 1256 2975 ad
1343 2939 1344 2990 p

254 3024 325 3065 eum
341 3003 456 3063 mittit:
479 3005 541 3065 nisi
556 3007 733 3068 subsidium
746 3009 807 3069 sibi
822 3011 1036 3086 submittatur,
1052 3031 1120 3072 sese
1134 3011 1255 3072 diutius
1343 3059 1344 3066 κ

254 3101 410 3162 sustinere
424 3122 487 3162 non
500 3123 602 3182 posse.

204 3228 232 3274 30
296 3199 329 3264 7.
357 3201 405 3259 Eo
424 3202 463 3260 de
479 3202 583 3261 media
599 3208 690 3262 noete
708 3203 822 3263 Caesar
837 3204 936 3263 isdem
955 3205 1087 3265 ducibus
1104 3225 1181 3266 usus
1200 3207 1255 3285 qni

254 3297 359 3355 nuntii
378 3299 417 3356 ab
436 3297 520 3357 Iooio
539 3303 699 3372 venerant,
718 3300 873 3358 Numidas
892 3306 925 3360 et
945 3301 1053 3362 Cretas
1075 3302 1255 3380 sagittarios
1343 3315 1344 3328 ¹

255 3400 287 3452 et
301 3394 479 3453 funditores
493 3393 641 3454 Baleares
656 3394 796 3454 subsidio
806 3396 971 3474 oppidanis
986 3399 1102 3477 mittit3
1123 3418 1255 3477 quorum
