2725 3759
522 196 553 245 G.
577 197 656 245 mm
677 195 855 245 CAESARIS

173 370 176 378 '
206 361 403 440 impeditum,
419 363 513 423 victis
528 363 610 422 nihil
624 369 730 424 tutum
745 363 982 439 arbitrarentur,
998 361 1139 422 omnium
1156 362 1214 440 qui

207 465 391 536 supererant
405 478 560 520 consensu
573 461 695 537 legatos
710 461 751 520 ad
764 462 931 521 Caesarem
945 461 1101 519 miserunt
1114 478 1213 536 seque

207 554 238 640 ei
254 555 460 634 dediderunt;
482 562 515 617 et
535 556 571 615 in
591 558 863 617 commemoranda
876 557 1017 616 civitatis
1031 556 1213 615 calamitate

207 671 247 712 ex
268 654 425 712 sexcentis
446 654 487 713 ad
506 660 572 713 tres
590 659 759 728 senatores,
781 672 821 712 ex
839 653 1003 712 hominum
1022 652 1150 712 milibus
1167 671 1213 710 nx

172 770 184 819 ς
207 748 262 808 vix
283 750 324 808 ad
344 749 533 828 quingentos
555 750 611 828 qui
632 770 720 810 arma
739 751 822 809 ferre
841 755 971 828 possent
985 768 1054 809 sese
1067 750 1212 809 redactos

207 864 276 904 esse
291 845 445 905 dixerunt.
488 847 572 917 Quos
590 847 713 922 Caesar,
728 853 766 907 ut
787 847 821 905 in
841 847 973 906 miseros
994 865 1030 906 ac
1051 845 1212 923 supplices

206 961 283 1002 usus
311 942 525 1003 misericordia
547 944 717 1019 videretur,
742 942 987 1020 diligentissime
1011 942 1211 1002 conservavit

207 1040 335 1118 suisque
356 1039 472 1100 finibus
493 1047 589 1117 atque
609 1041 735 1119 oppidis
755 1040 805 1101 uti
825 1040 929 1116 iussit,
945 1045 979 1099 et
997 1039 1142 1098 finitimis
1155 1038 1213 1097 im·

207 1138 332 1214 peravit
344 1143 382 1196 ut
396 1138 436 1197 ab
449 1137 567 1197 iniuria
581 1142 614 1197 et
627 1137 781 1197 maleficio
797 1156 831 1197 se
848 1155 983 1214 suosque
997 1135 1210 1214 prohiberent.

159 1253 186 1284 10
249 1233 306 1298 29.
335 1219 508 1308 Aduatucit
519 1235 558 1294 de
572 1233 686 1311 quibus
701 1253 797 1312 snpra
812 1229 1093 1311 scripsimuspleum
1113 1232 1213 1291 omni·

207 1330 265 1389 bus
287 1330 385 1407 copiis
407 1330 525 1390 auxilio
537 1307 676 1390 ¹Neruiis
690 1331 845 1405 venirent,
860 1331 919 1391 hac
940 1349 1046 1407 pugna
1064 1330 1213 1389 nuntiata

207 1446 246 1486 ex
267 1426 381 1487 itinere
401 1428 528 1487 domurn
544 1432 761 1504 reverterunt3
783 1427 905 1488 cunctis
919 1427 1045 1505 oppidis
1059 1426 1212 1486 castellis-

207 1543 269 1601 que
283 1522 416 1583 desertis
438 1543 495 1585 sua
515 1524 621 1584 omnia
634 1523 668 1582 iu
681 1543 779 1583 unum
794 1524 944 1602 oppidum
959 1523 1083 1601 egregie
1096 1529 1212 1583 natura

207 1619 364 1679 munitum
379 1621 587 1680 contulerunt.
625 1621 716 1691 Quod
729 1640 799 1681 cum
814 1640 854 1681 ex
868 1621 1012 1680 omnibus
1027 1620 1211 1680 incircuitu

158 1739 183 1787 ις
206 1718 349 1795 partibus
371 1718 542 1777 altissimas
564 1737 658 1796 rupes
680 1719 908 1796 despectusque
928 1717 1067 1792 haberet,
1084 1736 1149 1777 una
1169 1736 1211 1777 ex

206 1814 426 1893 parte'leniter
440 1814 572 1874 adclivis
587 1815 746 1906 aditusqin
765 1814 968 1875 latitudinem
988 1834 1052 1874 non
1072 1814 1209 1891 amplius

207 1912 411 1986 ducentorum
432 1912 546 1989 pedum
560 1901 832 1996 [peliuquebaturrl
850 1931 944 1989 quern
964 1911 1067 1972 locum
1088 1911 1210 1988 duplici

206 2008 362 2067 altissimo
382 2026 472 2066 muro
492 2008 681 2084 munierant,
700 2015 768 2068 tum
790 2009 895 2086 magni
914 2009 1061 2087 ponderis
1080 2027 1158 2068 saxa
1175 2013 1210 2067 et

206 2110 388 2181 praeacutas
409 2105 515 2165 trabes
537 2106 572 2164 in
592 2124 681 2165 muro
706 2106 918 2166 conlocabant
962 2105 1031 2183 Ipsi
1054 2111 1145 2165 erant
1168 2124 1210 2165 ex

155 2230 185 2261 20
207 2201 340 2263 Cimbris
362 2202 577 2280 Teutonisque
598 2204 754 2280 prognati,
774 2202 839 2280 qui,
857 2221 928 2262 cum
948 2202 1010 2262 iter
1030 2202 1064 2261 in
1084 2203 1211 2280 provin-

127 2358 134 2373 ,
205 2299 285 2359 ciam
306 2304 446 2358 nostram
466 2304 562 2377 atque
583 2299 711 2359 Italiam
736 2299 942 2374 facerentiis
963 2300 1208 2378 impedimentis,

204 2415 285 2474 quae
306 2415 411 2456 secum
432 2414 524 2472 agere
545 2414 581 2456 ac
601 2402 728 2474 portare
742 2415 805 2456 non
819 2401 974 2475 poterant,
989 2397 1070 2457 citra
1089 2397 1209 2457 flumen

204 2493 351 2553 Rhenum
365 2492 519 2570 depositis
536 2493 713 2553 custodiam
733 2512 773 2553 ex
794 2494 860 2553 suis
881 2512 918 2554 ac
939 2494 1130 2572 praesidium
1151 2513 1209 2554 sex

204 2590 293 2649 milia
306 2589 470 2648 hominurn
488 2608 552 2649 una
570 2590 775 2667 reliquerunt
803 2617 805 2622 s
818 2590 865 2650 Hi
878 2597 951 2669 post
964 2610 1071 2650 eorum
1085 2590 1208 2650 obitum

154 2707 181 2755 25
204 2685 319 2749 multos
347 2704 447 2746 annos
474 2705 493 2746 a
519 2685 665 2745 finitimis
693 2688 855 2765 exagitati,
883 2707 954 2748 cum
982 2687 1061 2747 alias
1088 2687 1207 2747 bellum

204 2781 368 2858 inferrent,
397 2781 477 2841 alias
508 2781 643 2842 inlatum
671 2784 899 2860 defenderent,
916 2803 1071 2844 consensu
1098 2803 1207 2844 eorum

202 2880 342 2938 omnium
358 2898 433 2957 pace
448 2879 534 2940 faeta
547 2879 630 2940 hunc
645 2880 706 2940 sibi
720 2882 881 2942 domicilio
894 2881 998 2941 locum
1013 2881 1205 2957 delegerunt.

245 2976 302 3042 30.
331 2976 379 3036 Ac
407 2977 508 3055 primo
536 2977 675 3037 adventu
703 2978 859 3038 exercitus
887 2979 989 3039 nostri
1016 2979 1139 3038 crebras
1166 2998 1207 3037 ex

203 3074 319 3152 oppido
343 3073 543 3134 excursiones
566 3074 726 3134 faciebant
750 3076 954 3153 parvulisque
978 3075 1106 3153 proeliis
1134 3094 1205 3134 curn

152 3194 181 3239 30
203 3171 319 3230 nostris
334 3171 579 3246 contendebant,
601 3179 712 3249 postea
725 3172 809 3231 vallo
823 3174 937 3250 pedum
953 3191 1006 3230 xrr
1024 3172 1206 3231 incircuitu

202 3287 247 3327 xv
266 3268 390 3327 milium
409 3269 587 3346 crebrisque
605 3269 745 3328 castellis
759 3269 993 3329 circummuniti
1007 3270 1122 3347 oppido
1137 3288 1205 3329 sese

202 3365 413 3425 continebant.
457 3365 523 3425 Ubi
543 3365 645 3425 vineis
666 3367 747 3425 actis
768 3385 880 3442 aggere
905 3371 1067 3427 exstructo
1091 3365 1204 3426 turrim
