<?xml version="1.0" encoding="UTF-8"?>
<!DOCTYPE html PUBLIC "-//W3C//DTD XHTML 1.0 Transitional//EN"
    "http://www.w3.org/TR/xhtml1/DTD/xhtml1-transitional.dtd">
<html xmlns="http://www.w3.org/1999/xhtml" xml:lang="en" lang="en">
 <head>
  <title>
</title>
<meta http-equiv="Content-Type" content="text/html;charset=utf-8" />
  <meta name='ocr-system' content='tesseract 3.04.00' />
  <meta name='ocr-capabilities' content='ocr_page ocr_carea ocr_par ocr_line ocrx_word'/>
</head>
<body>
  <div class='ocr_page' id='page_1' title='image "./gatetocaesarbyw00collgoog_0029.png"; bbox 0 0 2725 3759; ppageno 0'>
   <div class='ocr_carea' id='block_1_1' title="bbox 583 212 745 270">
    <p class='ocr_par' dir='ltr' id='par_1_1' title="bbox 583 212 745 270">
     <span class='ocr_line' id='line_1_1' title="bbox 583 212 745 270; baseline -0.012 -7"><span class='ocrx_word' id='word_1_1' title='bbox 583 213 685 270; x_wconf 72' lang='lat' dir='ltr'>BOOK</span> <span class='ocrx_word' id='word_1_2' title='bbox 705 212 745 261; x_wconf 83' lang='lat'>11.</span> 
     </span>
    </p>
   </div>
   <div class='ocr_carea' id='block_1_2' title="bbox 224 415 1073 476">
    <p class='ocr_par' dir='ltr' id='par_1_2' title="bbox 224 415 1073 476">
     <span class='ocr_line' id='line_1_2' title="bbox 224 415 1073 476; baseline -0.001 0"><span class='ocrx_word' id='word_1_3' title='bbox 224 417 286 476; x_wconf 81' lang='lat' dir='ltr'>But</span> <span class='ocrx_word' id='word_1_4' title='bbox 302 416 348 476; x_wconf 80' lang='lat' dir='ltr'>tlte</span> <span class='ocrx_word' id='word_1_5' title='bbox 364 416 491 476; x_wconf 81' lang='lat' dir='ltr'>soldiers</span> <span class='ocrx_word' id='word_1_6' title='bbox 507 417 570 475; x_wconf 85' lang='lat' dir='ltr'>oud</span> <span class='ocrx_word' id='word_1_7' title='bbox 586 416 765 474; x_wconf 81' lang='lat' dir='ltr'>licutenoute</span> <span class='ocrx_word' id='word_1_8' title='bbox 780 415 866 474; x_wconf 82' lang='lat' dir='ltr'><em>know</em></span> <span class='ocrx_word' id='word_1_9' title='bbox 882 416 962 474; x_wconf 73' lang='lat' dir='ltr'>solut</span> <span class='ocrx_word' id='word_1_10' title='bbox 977 423 1007 475; x_wconf 92' lang='lat' dir='ltr'>to</span> <span class='ocrx_word' id='word_1_11' title='bbox 1023 418 1073 475; x_wconf 89' lang='lat' dir='ltr'>do.</span> 
     </span>
    </p>
   </div>
   <div class='ocr_carea' id='block_1_3' title="bbox 148 536 1200 1681">
    <p class='ocr_par' dir='ltr' id='par_1_3' title="bbox 148 536 1200 1681">
     <span class='ocr_line' id='line_1_3' title="bbox 190 536 1150 614; baseline -0.008 -10"><span class='ocrx_word' id='word_1_12' title='bbox 190 538 248 603; x_wconf 77' lang='lat'>20.</span> <span class='ocrx_word' id='word_1_13' title='bbox 271 536 398 599; x_wconf 80' lang='lat' dir='ltr'><strong>Caesari</strong></span> <span class='ocrx_word' id='word_1_14' title='bbox 409 537 513 596; x_wconf 88' lang='lat' dir='ltr'>omnia</span> <span class='ocrx_word' id='word_1_15' title='bbox 524 543 586 596; x_wconf 79' lang='lat' dir='ltr'>uuo</span> <span class='ocrx_word' id='word_1_16' title='bbox 596 541 737 614; x_wconf 90' lang='lat' dir='ltr'>tempore</span> <span class='ocrx_word' id='word_1_17' title='bbox 748 540 837 596; x_wconf 86' lang='lat' dir='ltr'>eraut</span> <span class='ocrx_word' id='word_1_18' title='bbox 845 537 981 613; x_wconf 86' lang='lat' dir='ltr'>agenda:</span> <span class='ocrx_word' id='word_1_19' title='bbox 997 537 1150 597; x_wconf 74' lang='lat' dir='ltr'>vexillum</span> 
     </span>
     <span class='ocr_line' id='line_1_4' title="bbox 149 632 1195 713; baseline 0.004 -19"><span class='ocrx_word' id='word_1_20' title='bbox 149 635 395 713; x_wconf 73' lang='lat' dir='ltr'>prripfmendum,</span> <span class='ocrx_word' id='word_1_21' title='bbox 410 638 534 710; x_wconf 90' lang='lat' dir='ltr'>signum</span> <span class='ocrx_word' id='word_1_22' title='bbox 553 632 630 692; x_wconf 94' lang='lat' dir='ltr'>tuba</span> <span class='ocrx_word' id='word_1_23' title='bbox 645 633 793 708; x_wconf 86' lang='lat' dir='ltr'>dandum,</span> <span class='ocrx_word' id='word_1_24' title='bbox 809 632 848 692; x_wconf 91' lang='lat' dir='ltr'>ab</span> <span class='ocrx_word' id='word_1_25' title='bbox 868 651 961 710; x_wconf 88' lang='lat' dir='ltr'>opere</span> <span class='ocrx_word' id='word_1_26' title='bbox 982 634 1150 695; x_wconf 86' lang='lat' dir='ltr'>revocandi</span> <span class='ocrx_word' id='word_1_27' title='bbox 1185 636 1195 698; x_wconf 81' lang='lat' dir='ltr'>l</span> 
     </span>
     <span class='ocr_line' id='line_1_5' title="bbox 149 729 1150 808; baseline 0 -17"><span class='ocrx_word' id='word_1_28' title='bbox 149 732 276 807; x_wconf 78' lang='lat' dir='ltr'><strong>milites,</strong></span> <span class='ocrx_word' id='word_1_29' title='bbox 292 730 373 791; x_wconf 88' lang='lat' dir='ltr'>acies</span> <span class='ocrx_word' id='word_1_30' title='bbox 386 730 580 806; x_wconf 84' lang='lat' dir='ltr'>instruenda,</span> <span class='ocrx_word' id='word_1_31' title='bbox 597 730 715 789; x_wconf 77' lang='lat' dir='ltr'>milites</span> <span class='ocrx_word' id='word_1_32' title='bbox 729 729 923 806; x_wconf 89' lang='lat' dir='ltr'>cohortandi,</span> <span class='ocrx_word' id='word_1_33' title='bbox 940 735 1063 808; x_wconf 90' lang='lat' dir='ltr'>signum</span> <span class='ocrx_word' id='word_1_34' title='bbox 1077 732 1150 791; x_wconf 87' lang='lat' dir='ltr'>dan-</span> 
     </span>
     <span class='ocr_line' id='line_1_6' title="bbox 148 827 1150 905; baseline -0.002 -16"><span class='ocrx_word' id='word_1_35' title='bbox 148 830 232 889; x_wconf 87' lang='lat' dir='ltr'>dum.</span> <span class='ocrx_word' id='word_1_36' title='bbox 282 829 419 898; x_wconf 75' lang='lat' dir='ltr'>Quarum</span> <span class='ocrx_word' id='word_1_37' title='bbox 444 833 547 889; x_wconf 71' lang='lat' dir='ltr'>rerum</span> <span class='ocrx_word' id='word_1_38' title='bbox 569 834 715 903; x_wconf 75' lang='lat' dir='ltr'>magnam</span> <span class='ocrx_word' id='word_1_39' title='bbox 737 833 856 904; x_wconf 88' lang='lat' dir='ltr'>partem</span> <span class='ocrx_word' id='word_1_40' title='bbox 879 827 1029 905; x_wconf 89' lang='lat' dir='ltr'>temporis</span> <span class='ocrx_word' id='word_1_41' title='bbox 1050 827 1150 888; x_wconf 86' lang='lat' dir='ltr'>brevi·</span> 
     </span>
     <span class='ocr_line' id='line_1_7' title="bbox 148 923 1186 1001; baseline -0.001 -15"><span class='ocrx_word' id='word_1_42' title='bbox 148 932 198 986; x_wconf 87' lang='lat' dir='ltr'>tas</span> <span class='ocrx_word' id='word_1_43' title='bbox 216 930 248 985; x_wconf 91' lang='lat' dir='ltr'>et</span> <span class='ocrx_word' id='word_1_44' title='bbox 265 942 426 985; x_wconf 87' lang='lat' dir='ltr'>successus</span> <span class='ocrx_word' id='word_1_45' title='bbox 443 923 583 983; x_wconf 89' lang='lat' dir='ltr'>hostium</span> <span class='ocrx_word' id='word_1_46' title='bbox 597 923 797 1001; x_wconf 77' lang='lat' dir='ltr'>impediebat.</span> <span class='ocrx_word' id='word_1_47' title='bbox 839 923 902 983; x_wconf 84' lang='lat' dir='ltr'>Sed</span> <span class='ocrx_word' id='word_1_48' title='bbox 920 929 988 984; x_wconf 89' lang='lat' dir='ltr'>erat</span> <span class='ocrx_word' id='word_1_49' title='bbox 1008 924 1149 986; x_wconf 83' lang='lat' dir='ltr'>subsidio</span> <span class='ocrx_word' id='word_1_50' title='bbox 1170 942 1186 991; x_wconf 77' lang='grc' dir='ltr'>ς</span> 
     </span>
     <span class='ocr_line' id='line_1_8' title="bbox 149 1019 1149 1099; baseline -0.001 -18"><span class='ocrx_word' id='word_1_51' title='bbox 149 1022 282 1083; x_wconf 87' lang='lat' dir='ltr'>scientia</span> <span class='ocrx_word' id='word_1_52' title='bbox 301 1027 397 1098; x_wconf 88' lang='lat' dir='ltr'>atque</span> <span class='ocrx_word' id='word_1_53' title='bbox 418 1027 492 1079; x_wconf 77' lang='lat' dir='ltr'>fisus</span> <span class='ocrx_word' id='word_1_54' title='bbox 515 1019 660 1095; x_wconf 87' lang='lat' dir='ltr'>militum,</span> <span class='ocrx_word' id='word_1_55' title='bbox 683 1019 767 1096; x_wconf 89' lang='lat' dir='ltr'>quod</span> <span class='ocrx_word' id='word_1_56' title='bbox 787 1020 1001 1099; x_wconf 79' lang='lat' dir='ltr'>superioribus</span> <span class='ocrx_word' id='word_1_57' title='bbox 1022 1022 1149 1099; x_wconf 85' lang='lat' dir='ltr'>proeliis</span> 
     </span>
     <span class='ocr_line' id='line_1_9' title="bbox 148 1115 1149 1195; baseline -0.002 -16"><span class='ocrx_word' id='word_1_58' title='bbox 148 1118 322 1192; x_wconf 77' lang='lat' dir='ltr'>exercitati,</span> <span class='ocrx_word' id='word_1_59' title='bbox 351 1124 413 1175; x_wconf 74' lang='lat' dir='ltr'>urin</span> <span class='ocrx_word' id='word_1_60' title='bbox 442 1115 546 1176; x_wconf 90' lang='lat' dir='ltr'>miuus</span> <span class='ocrx_word' id='word_1_61' title='bbox 574 1116 734 1176; x_wconf 86' lang='lat' dir='ltr'>commode</span> <span class='ocrx_word' id='word_1_62' title='bbox 761 1115 825 1194; x_wconf 90' lang='lat' dir='ltr'>ipsi</span> <span class='ocrx_word' id='word_1_63' title='bbox 851 1117 913 1177; x_wconf 91' lang='lat' dir='ltr'>sibi</span> <span class='ocrx_word' id='word_1_64' title='bbox 940 1118 1149 1195; x_wconf 79' lang='lat' dir='ltr'>praescribere</span> 
     </span>
     <span class='ocr_line' id='line_1_10' title="bbox 149 1212 1151 1294; baseline -0.004 -19"><span class='ocrx_word' id='word_1_65' title='bbox 149 1235 243 1294; x_wconf 91' lang='lat' dir='ltr'>quam</span> <span class='ocrx_word' id='word_1_66' title='bbox 263 1215 303 1275; x_wconf 92' lang='lat' dir='ltr'>ab</span> <span class='ocrx_word' id='word_1_67' title='bbox 323 1213 395 1274; x_wconf 89' lang='lat' dir='ltr'>aliis</span> <span class='ocrx_word' id='word_1_68' title='bbox 415 1212 519 1273; x_wconf 75' lang='lat' dir='ltr'>doceri</span> <span class='ocrx_word' id='word_1_69' title='bbox 533 1219 688 1292; x_wconf 79' lang='lat' dir='ltr'>poterant.</span> <span class='ocrx_word' id='word_1_70' title='bbox 730 1212 899 1273; x_wconf 86' lang='lat' dir='ltr'>Praeterea</span> <span class='ocrx_word' id='word_1_71' title='bbox 918 1214 958 1274; x_wconf 92' lang='lat' dir='ltr'>ab</span> <span class='ocrx_word' id='word_1_72' title='bbox 978 1232 1070 1291; x_wconf 88' lang='lat' dir='ltr'>opere</span> <span class='ocrx_word' id='word_1_73' title='bbox 1090 1212 1151 1272; x_wconf 90' lang='lat' dir='ltr'>siu-</span> 
     </span>
     <span class='ocr_line' id='line_1_11' title="bbox 149 1309 1149 1390; baseline 0 -19"><span class='ocrx_word' id='word_1_74' title='bbox 149 1313 293 1390; x_wconf 81' lang='lat' dir='ltr'>gulisque</span> <span class='ocrx_word' id='word_1_75' title='bbox 323 1310 499 1387; x_wconf 67' lang='lat' dir='ltr'>legionibus</span> <span class='ocrx_word' id='word_1_76' title='bbox 530 1309 672 1387; x_wconf 72' lang='lat' dir='ltr'>singulos</span> <span class='ocrx_word' id='word_1_77' title='bbox 700 1309 821 1386; x_wconf 74' lang='lat' dir='ltr'>legatos</span> <span class='ocrx_word' id='word_1_78' title='bbox 849 1310 964 1371; x_wconf 83' lang='lat' dir='ltr'>Caesar</span> <span class='ocrx_word' id='word_1_79' title='bbox 990 1310 1149 1371; x_wconf 76' lang='lat' dir='ltr'>discedere</span> 
     </span>
     <span class='ocr_line' id='line_1_12' title="bbox 148 1406 1200 1485; baseline -0.002 -16"><span class='ocrx_word' id='word_1_80' title='bbox 148 1414 301 1469; x_wconf 81' lang='lat' dir='ltr'>vetuerat.</span> <span class='ocrx_word' id='word_1_81' title='bbox 357 1407 402 1466; x_wconf 90' lang='lat' dir='ltr'>Hi</span> <span class='ocrx_word' id='word_1_82' title='bbox 432 1412 562 1485; x_wconf 88' lang='lat' dir='ltr'>propter</span> <span class='ocrx_word' id='word_1_83' title='bbox 592 1406 859 1484; x_wconf 78' lang='lat' dir='ltr'>propinquitatem</span> <span class='ocrx_word' id='word_1_84' title='bbox 891 1411 924 1466; x_wconf 90' lang='lat' dir='ltr'>et</span> <span class='ocrx_word' id='word_1_85' title='bbox 954 1406 1148 1467; x_wconf 75' lang='lat' dir='ltr'>celeritatem</span> <span class='ocrx_word' id='word_1_86' title='bbox 1173 1433 1200 1467; x_wconf 89' lang='lat'>10</span> 
     </span>
     <span class='ocr_line' id='line_1_13' title="bbox 148 1502 1149 1581; baseline -0.001 -16"><span class='ocrx_word' id='word_1_87' title='bbox 148 1506 288 1567; x_wconf 88' lang='lat' dir='ltr'>hostium</span> <span class='ocrx_word' id='word_1_88' title='bbox 309 1504 390 1564; x_wconf 88' lang='lat' dir='ltr'>nihil</span> <span class='ocrx_word' id='word_1_89' title='bbox 411 1504 474 1563; x_wconf 91' lang='lat' dir='ltr'>iam</span> <span class='ocrx_word' id='word_1_90' title='bbox 495 1502 637 1565; x_wconf 75' lang='lat' dir='ltr'>Caesaris</span> <span class='ocrx_word' id='word_1_91' title='bbox 658 1503 827 1580; x_wconf 89' lang='lat' dir='ltr'>imperium</span> <span class='ocrx_word' id='word_1_92' title='bbox 843 1504 1077 1581; x_wconf 69' lang='lat' dir='ltr'>exspectabant,</span> <span class='ocrx_word' id='word_1_93' title='bbox 1093 1503 1149 1564; x_wconf 89' lang='lat' dir='ltr'>sed</span> 
     </span>
     <span class='ocr_line' id='line_1_14' title="bbox 148 1600 833 1681; baseline -0.004 -19"><span class='ocrx_word' id='word_1_94' title='bbox 148 1622 205 1681; x_wconf 88' lang='lat' dir='ltr'>per</span> <span class='ocrx_word' id='word_1_95' title='bbox 219 1621 252 1662; x_wconf 89' lang='lat' dir='ltr'>se</span> <span class='ocrx_word' id='word_1_96' title='bbox 266 1620 346 1679; x_wconf 87' lang='lat' dir='ltr'>quae</span> <span class='ocrx_word' id='word_1_97' title='bbox 361 1602 547 1661; x_wconf 75' lang='lat' dir='ltr'>videbantur</span> <span class='ocrx_word' id='word_1_98' title='bbox 560 1600 833 1662; x_wconf 73' lang='lat' dir='ltr'>administrabant.</span> 
     </span>
    </p>
   </div>
   <div class='ocr_carea' id='block_1_4' title="bbox 185 1715 1114 2107">
    <p class='ocr_par' dir='ltr' id='par_1_4' title="bbox 212 1715 1034 1860">
     <span class='ocr_line' id='line_1_15' title="bbox 215 1715 1034 1777; baseline 0.001 -12"><span class='ocrx_word' id='word_1_99' title='bbox 215 1721 359 1777; x_wconf 68' lang='lat' dir='ltr'>pressino,</span> <span class='ocrx_word' id='word_1_100' title='bbox 371 1716 489 1766; x_wconf 83' lang='lat' dir='ltr'>ostendo.</span> <span class='ocrx_word' id='word_1_101' title='bbox 691 1716 864 1764; x_wconf 84' lang='lat' dir='ltr'>commode:</span> <span class='ocrx_word' id='word_1_102' title='bbox 883 1721 950 1777; x_wconf 79' lang='lat' dir='ltr'>apte,</span> <span class='ocrx_word' id='word_1_103' title='bbox 962 1715 1034 1766; x_wconf 77' lang='lat' dir='ltr'>benc.</span> 
     </span>
     <span class='ocr_line' id='line_1_16' title="bbox 212 1797 1033 1860; baseline -0.005 -11"><span class='ocrx_word' id='word_1_104' title='bbox 212 1813 374 1857; x_wconf 76' lang='lat' dir='ltr'>suscensus,</span> <span class='ocrx_word' id='word_1_105' title='bbox 388 1810 515 1856; x_wconf 78' lang='lat' dir='ltr'>accessus,</span> <span class='ocrx_word' id='word_1_106' title='bbox 527 1797 567 1847; x_wconf 77' lang='lat'>15.</span> <span class='ocrx_word' id='word_1_107' title='bbox 693 1798 877 1856; x_wconf 73' lang='lat' dir='ltr'>praescribo,</span> <span class='ocrx_word' id='word_1_108' title='bbox 889 1799 1033 1860; x_wconf 75' lang='lat' dir='ltr'>praecipio.</span> 
     </span>
    </p>

    <p class='ocr_par' dir='ltr' id='par_1_5' title="bbox 185 1879 1114 2107">
     <span class='ocr_line' id='line_1_17' title="bbox 185 1879 920 1941; baseline -0.008 -8"><span class='ocrx_word' id='word_1_109' title='bbox 185 1899 194 1916; x_wconf 90' lang='lat'><strong>·</strong></span> <span class='ocrx_word' id='word_1_110' title='bbox 214 1883 394 1940; x_wconf 78' lang='lat' dir='ltr'>subsidium,</span> <span class='ocrx_word' id='word_1_111' title='bbox 407 1882 549 1940; x_wconf 78' lang='lat' dir='ltr'>cnsilium,</span> <span class='ocrx_word' id='word_1_112' title='bbox 561 1879 586 1931; x_wconf 77' lang='grc'>6.</span> <span class='ocrx_word' id='word_1_113' title='bbox 693 1884 772 1938; x_wconf 85' lang='lat' dir='ltr'>veto,</span> <span class='ocrx_word' id='word_1_114' title='bbox 781 1880 920 1941; x_wconf 71' lang='lat' dir='ltr'>prohibeo.</span> 
     </span>
     <span class='ocr_line' id='line_1_18' title="bbox 214 1963 1055 2025; baseline -0.004 -10"><span class='ocrx_word' id='word_1_115' title='bbox 214 1964 472 2025; x_wconf 63' lang='lat' dir='ltr'>lineamentaque.</span> <span class='ocrx_word' id='word_1_116' title='bbox 689 1964 909 2022; x_wconf 80' lang='lat' dir='ltr'>propinquitas,</span> <span class='ocrx_word' id='word_1_117' title='bbox 922 1963 1055 2013; x_wconf 64' lang='lat' dir='ltr'>viciatus.</span> 
     </span>
     <span class='ocr_line' id='line_1_19' title="bbox 214 2045 1114 2107; baseline -0.003 -11"><span class='ocrx_word' id='word_1_118' title='bbox 214 2048 408 2103; x_wconf 73' lang='lat' dir='ltr'>exercitatus,</span> <span class='ocrx_word' id='word_1_119' title='bbox 417 2046 532 2107; x_wconf 78' lang='lat' dir='ltr'>peritus.</span> <span class='ocrx_word' id='word_1_120' title='bbox 690 2046 886 2095; x_wconf 80' lang='lat' dir='ltr'>administro:</span> <span class='ocrx_word' id='word_1_121' title='bbox 901 2045 1038 2107; x_wconf 69' lang='lat' dir='ltr'>prboideo,</span> <span class='ocrx_word' id='word_1_122' title='bbox 1053 2058 1114 2107; x_wconf 72' lang='lat' dir='ltr'>eqo.</span> 
     </span>
    </p>
   </div>
   <div class='ocr_carea' id='block_1_5' title="bbox 192 2201 1105 2279">
    <p class='ocr_par' dir='ltr' id='par_1_6' title="bbox 192 2201 1105 2279">
     <span class='ocr_line' id='line_1_20' title="bbox 192 2201 1105 2279; baseline -0.003 -18"><span class='ocrx_word' id='word_1_123' title='bbox 192 2203 334 2279; x_wconf 80' lang='lat' dir='ltr'>Fiqlttiuq</span> <span class='ocrx_word' id='word_1_124' title='bbox 348 2202 448 2278; x_wconf 67' lang='lat' dir='ltr'>septus</span> <span class='ocrx_word' id='word_1_125' title='bbox 462 2202 560 2274; x_wconf 79' lang='lat' dir='ltr'>before</span> <span class='ocrx_word' id='word_1_126' title='bbox 574 2201 620 2259; x_wconf 81' lang='lat' dir='ltr'>tlte</span> <span class='ocrx_word' id='word_1_127' title='bbox 635 2201 762 2259; x_wconf 84' lang='lat' dir='ltr'>soldiers</span> <span class='ocrx_word' id='word_1_128' title='bbox 775 2217 833 2259; x_wconf 78' lang='lat' dir='ltr'>cart</span> <span class='ocrx_word' id='word_1_129' title='bbox 846 2218 914 2260; x_wconf 84' lang='lat' dir='ltr'>arm</span> <span class='ocrx_word' id='word_1_130' title='bbox 928 2201 1105 2260; x_wconf 78' lang='lat' dir='ltr'>themselves.</span> 
     </span>
    </p>
   </div>
   <div class='ocr_carea' id='block_1_6' title="bbox 191 2291 1147 2476">
    <p class='ocr_par' dir='ltr' id='par_1_7' title="bbox 191 2291 1147 2476">
     <span class='ocr_line' id='line_1_21' title="bbox 191 2291 1147 2462; baseline -0.005 -74"><span class='ocrx_word' id='word_1_131' title='bbox 191 2322 244 2388; x_wconf 78' lang='lat'>21.</span> <span class='ocrx_word' id='word_1_132' title='bbox 267 2323 381 2383; x_wconf 81' lang='lat' dir='ltr'>Caesar</span> <span class='ocrx_word' id='word_1_133' title='bbox 395 2291 581 2462; x_wconf 48' lang='lat' dir='ltr'>necessay‘is&#39;</span> <span class='ocrx_word' id='word_1_134' title='bbox 593 2320 685 2380; x_wconf 77' lang='lat' dir='ltr'>rebus</span> <span class='ocrx_word' id='word_1_135' title='bbox 699 2320 863 2398; x_wconf 77' lang='lat' dir='ltr'>imperatis</span> <span class='ocrx_word' id='word_1_136' title='bbox 882 2321 923 2381; x_wconf 85' lang='lat' dir='ltr'>ad</span> <span class='ocrx_word' id='word_1_137' title='bbox 940 2321 1147 2383; x_wconf 89' lang='lat' dir='ltr'>cohortandos</span> 
     </span>
     <span class='ocr_line' id='line_1_22' title="bbox 509 2422 542 2476; baseline 0 0"><span class='ocrx_word' id='word_1_138' title='bbox 509 2422 542 2476; x_wconf 89' lang='lat' dir='ltr'>et</span> 
     </span>
    </p>
   </div>
   <div class='ocr_carea' id='block_1_7' title="bbox 148 2415 1183 2884">
    <p class='ocr_par' dir='ltr' id='par_1_8' title="bbox 148 2415 1183 2884">
     <span class='ocr_line' id='line_1_23' title="bbox 149 2415 1146 2493; baseline -0.004 -12"><span class='ocrx_word' id='word_1_139' title='bbox 149 2420 267 2481; x_wconf 84' lang='lat' dir='ltr'>milites</span> <span class='ocrx_word' id='word_1_140' title='bbox 300 2417 489 2486; x_wconf 71' lang='lat' dir='ltr'>decucurrit</span> <span class='ocrx_word' id='word_1_141' title='bbox 571 2417 612 2477; x_wconf 94' lang='lat' dir='ltr'>ad</span> <span class='ocrx_word' id='word_1_142' title='bbox 642 2415 798 2493; x_wconf 76' lang='lat' dir='ltr'>legionem</span> <span class='ocrx_word' id='word_1_143' title='bbox 828 2416 980 2478; x_wconf 83' lang='lat' dir='ltr'>decimam</span> <span class='ocrx_word' id='word_1_144' title='bbox 1010 2417 1146 2478; x_wconf 74' lang='lat' dir='ltr'>devenit.</span> 
     </span>
     <span class='ocr_line' id='line_1_24' title="bbox 149 2487 1148 2591; baseline -0.005 -13"><span class='ocrx_word' id='word_1_145' title='bbox 149 2518 269 2577; x_wconf 81' lang='lat' dir='ltr'>Mssites</span> <span class='ocrx_word' id='word_1_146' title='bbox 288 2523 352 2576; x_wconf 72' lang='lat' dir='ltr'>nen</span> <span class='ocrx_word' id='word_1_147' title='bbox 373 2487 514 2590; x_wconf 53' lang='lat' dir='ltr'>longiore</span> <span class='ocrx_word' id='word_1_148' title='bbox 527 2513 669 2574; x_wconf 71' lang='lat' dir='ltr'>eratione</span> <span class='ocrx_word' id='word_1_149' title='bbox 687 2513 869 2574; x_wconf 72' lang='lat' dir='ltr'>cohortatus</span> <span class='ocrx_word' id='word_1_150' title='bbox 890 2532 983 2591; x_wconf 90' lang='lat' dir='ltr'>quam</span> <span class='ocrx_word' id='word_1_151' title='bbox 1004 2513 1052 2573; x_wconf 89' lang='lat' dir='ltr'>uti</span> <span class='ocrx_word' id='word_1_152' title='bbox 1073 2532 1148 2574; x_wconf 88' lang='lat' dir='ltr'>suae</span> 
     </span>
     <span class='ocr_line' id='line_1_25' title="bbox 148 2609 1148 2692; baseline -0.001 -19"><span class='ocrx_word' id='word_1_153' title='bbox 148 2613 300 2692; x_wconf 89' lang='lat' dir='ltr'>pristinae</span> <span class='ocrx_word' id='word_1_154' title='bbox 328 2610 458 2670; x_wconf 77' lang='lat' dir='ltr'>virtutis</span> <span class='ocrx_word' id='word_1_155' title='bbox 486 2611 667 2670; x_wconf 85' lang='lat' dir='ltr'>memoriam</span> <span class='ocrx_word' id='word_1_156' title='bbox 696 2609 868 2672; x_wconf 73' lang='lat' dir='ltr'>retinerent</span> <span class='ocrx_word' id='word_1_157' title='bbox 896 2630 959 2671; x_wconf 90' lang='lat' dir='ltr'>neu</span> <span class='ocrx_word' id='word_1_158' title='bbox 988 2612 1148 2689; x_wconf 74' lang='lat' dir='ltr'>perturba·</span> 
     </span>
     <span class='ocr_line' id='line_1_26' title="bbox 148 2706 1183 2785; baseline 0 -16"><span class='ocrx_word' id='word_1_159' title='bbox 148 2716 258 2770; x_wconf 88' lang='lat' dir='ltr'>rentur</span> <span class='ocrx_word' id='word_1_160' title='bbox 277 2709 382 2769; x_wconf 87' lang='lat' dir='ltr'>animo</span> <span class='ocrx_word' id='word_1_161' title='bbox 403 2707 604 2785; x_wconf 89' lang='lat' dir='ltr'>hostiumque</span> <span class='ocrx_word' id='word_1_162' title='bbox 624 2706 778 2785; x_wconf 87' lang='lat' dir='ltr'>impetum</span> <span class='ocrx_word' id='word_1_163' title='bbox 800 2707 926 2768; x_wconf 84' lang='lat' dir='ltr'>fortiter</span> <span class='ocrx_word' id='word_1_164' title='bbox 944 2708 1145 2784; x_wconf 78' lang='lat' dir='ltr'>sustinerent,</span> <span class='ocrx_word' id='word_1_165' title='bbox 1168 2720 1183 2770; x_wconf 82' lang='lat'>⁵</span> 
     </span>
     <span class='ocr_line' id='line_1_27' title="bbox 148 2804 1149 2884; baseline 0 -18"><span class='ocrx_word' id='word_1_166' title='bbox 148 2807 233 2884; x_wconf 92' lang='lat' dir='ltr'>quod</span> <span class='ocrx_word' id='word_1_167' title='bbox 252 2814 316 2867; x_wconf 79' lang='lat' dir='ltr'>non</span> <span class='ocrx_word' id='word_1_168' title='bbox 336 2806 428 2882; x_wconf 86' lang='lat' dir='ltr'>longe</span> <span class='ocrx_word' id='word_1_169' title='bbox 448 2804 556 2866; x_wconf 88' lang='lat' dir='ltr'>hostes</span> <span class='ocrx_word' id='word_1_170' title='bbox 576 2804 716 2880; x_wconf 87' lang='lat' dir='ltr'>aberant,</span> <span class='ocrx_word' id='word_1_171' title='bbox 732 2804 831 2883; x_wconf 87' lang='lat' dir='ltr'>proeli</span> <span class='ocrx_word' id='word_1_172' title='bbox 851 2805 1068 2866; x_wconf 86' lang='lat' dir='ltr'>committendi</span> <span class='ocrx_word' id='word_1_173' title='bbox 1090 2812 1149 2883; x_wconf 89' lang='lat' dir='ltr'>sig·</span> 
     </span>
    </p>
   </div>
   <div class='ocr_carea' id='block_1_8' title="bbox 52 2901 1147 2980">
    <p class='ocr_par' dir='ltr' id='par_1_9' title="bbox 52 2901 1147 2980">
     <span class='ocr_line' id='line_1_28' title="bbox 52 2901 1147 2980; baseline -0.002 -17"><span class='ocrx_word' id='word_1_174' title='bbox 52 2935 55 2938; x_wconf 96' lang='lat'>·</span> <span class='ocrx_word' id='word_1_175' title='bbox 148 2923 223 2963; x_wconf 90' lang='lat' dir='ltr'>num</span> <span class='ocrx_word' id='word_1_176' title='bbox 245 2903 340 2964; x_wconf 79' lang='lat' dir='ltr'>dedit</span> <span class='ocrx_word' id='word_1_177' title='bbox 382 2902 488 2980; x_wconf 87' lang='lat' dir='ltr'>Atque</span> <span class='ocrx_word' id='word_1_178' title='bbox 509 2902 543 2961; x_wconf 90' lang='lat' dir='ltr'>iu</span> <span class='ocrx_word' id='word_1_179' title='bbox 564 2901 697 2962; x_wconf 87' lang='lat' dir='ltr'>alteram</span> <span class='ocrx_word' id='word_1_180' title='bbox 720 2907 842 2979; x_wconf 89' lang='lat' dir='ltr'>partem</span> <span class='ocrx_word' id='word_1_181' title='bbox 864 2902 940 2961; x_wconf 88' lang='lat' dir='ltr'>item</span> <span class='ocrx_word' id='word_1_182' title='bbox 963 2901 1147 2962; x_wconf 83' lang='lat' dir='ltr'>cohortandi</span> 
     </span>
    </p>
   </div>
   <div class='ocr_carea' id='block_1_9' title="bbox 147 2998 1198 3463">
    <p class='ocr_par' dir='ltr' id='par_1_10' title="bbox 147 2998 1198 3463">
     <span class='ocr_line' id='line_1_29' title="bbox 148 2998 1148 3077; baseline -0.001 -17"><span class='ocrx_word' id='word_1_183' title='bbox 148 3018 243 3060; x_wconf 87' lang='lat' dir='ltr'>eausa</span> <span class='ocrx_word' id='word_1_184' title='bbox 262 3000 422 3077; x_wconf 81' lang='lat' dir='ltr'>proiectus</span> <span class='ocrx_word' id='word_1_185' title='bbox 447 2998 659 3076; x_wconf 82' lang='lat' dir='ltr'>pugnantibus</span> <span class='ocrx_word' id='word_1_186' title='bbox 683 2998 827 3059; x_wconf 82' lang='lat' dir='ltr'>occurrit</span> <span class='ocrx_word' id='word_1_187' title='bbox 871 2998 1034 3076; x_wconf 84' lang='lat' dir='ltr'>Temporis</span> <span class='ocrx_word' id='word_1_188' title='bbox 1057 3004 1148 3059; x_wconf 86' lang='lat' dir='ltr'>tauta</span> 
     </span>
     <span class='ocr_line' id='line_1_30' title="bbox 147 3094 1146 3172; baseline -0.001 -18"><span class='ocrx_word' id='word_1_189' title='bbox 147 3096 212 3156; x_wconf 88' lang='lat' dir='ltr'>fuit</span> <span class='ocrx_word' id='word_1_190' title='bbox 232 3095 389 3172; x_wconf 85' lang='lat' dir='ltr'>exiguitas</span> <span class='ocrx_word' id='word_1_191' title='bbox 412 3094 613 3172; x_wconf 89' lang='lat' dir='ltr'>hostiumque</span> <span class='ocrx_word' id='word_1_192' title='bbox 636 3099 703 3153; x_wconf 87' lang='lat' dir='ltr'>tam</span> <span class='ocrx_word' id='word_1_193' title='bbox 724 3101 854 3171; x_wconf 73' lang='lat' dir='ltr'>partitus</span> <span class='ocrx_word' id='word_1_194' title='bbox 875 3095 915 3154; x_wconf 84' lang='lat' dir='ltr'>ad</span> <span class='ocrx_word' id='word_1_195' title='bbox 936 3094 1146 3154; x_wconf 86' lang='lat' dir='ltr'>dimicandum</span> 
     </span>
     <span class='ocr_line' id='line_1_31' title="bbox 148 3190 1198 3267; baseline 0 -15"><span class='ocrx_word' id='word_1_196' title='bbox 148 3193 280 3267; x_wconf 87' lang='lat' dir='ltr'>animus,</span> <span class='ocrx_word' id='word_1_197' title='bbox 305 3198 342 3251; x_wconf 89' lang='lat' dir='ltr'>ut</span> <span class='ocrx_word' id='word_1_198' title='bbox 366 3198 429 3251; x_wconf 79' lang='lat' dir='ltr'>non</span> <span class='ocrx_word' id='word_1_199' title='bbox 453 3191 544 3249; x_wconf 88' lang='lat' dir='ltr'>modo</span> <span class='ocrx_word' id='word_1_200' title='bbox 569 3190 609 3249; x_wconf 90' lang='lat' dir='ltr'>ad</span> <span class='ocrx_word' id='word_1_201' title='bbox 633 3191 769 3266; x_wconf 87' lang='lat' dir='ltr'>insignia</span> <span class='ocrx_word' id='word_1_202' title='bbox 792 3192 1065 3264; x_wconf 72' lang='lat' dir='ltr'>adcommodanda,</span> <span class='ocrx_word' id='word_1_203' title='bbox 1090 3190 1146 3250; x_wconf 92' lang='lat' dir='ltr'>sed</span> <span class='ocrx_word' id='word_1_204' title='bbox 1170 3220 1198 3252; x_wconf 90' lang='lat'>10</span> 
     </span>
     <span class='ocr_line' id='line_1_32' title="bbox 148 3286 1147 3363; baseline -0.002 -14"><span class='ocrx_word' id='word_1_205' title='bbox 148 3290 292 3349; x_wconf 88' lang='lat' dir='ltr'>etiamad</span> <span class='ocrx_word' id='word_1_206' title='bbox 303 3288 407 3363; x_wconf 86' lang='lat' dir='ltr'>galeas</span> <span class='ocrx_word' id='word_1_207' title='bbox 419 3286 592 3346; x_wconf 87' lang='lat' dir='ltr'>induendas</span> <span class='ocrx_word' id='word_1_208' title='bbox 603 3292 761 3363; x_wconf 75' lang='lat' dir='ltr'>scitisque</span> <span class='ocrx_word' id='word_1_209' title='bbox 771 3287 943 3363; x_wconf 84' lang='lat' dir='ltr'>tegimenta</span> <span class='ocrx_word' id='word_1_210' title='bbox 954 3288 1147 3347; x_wconf 76' lang='lat' dir='ltr'>detrudenda</span> 
     </span>
     <span class='ocr_line' id='line_1_33' title="bbox 147 3382 1146 3463; baseline -0.003 -17"><span class='ocrx_word' id='word_1_211' title='bbox 147 3391 272 3463; x_wconf 89' lang='lat' dir='ltr'>tempus</span> <span class='ocrx_word' id='word_1_212' title='bbox 287 3382 432 3444; x_wconf 76' lang='lat' dir='ltr'>deluerit.</span> <span class='ocrx_word' id='word_1_213' title='bbox 468 3383 566 3453; x_wconf 83' lang='lat' dir='ltr'>Quam</span> <span class='ocrx_word' id='word_1_214' title='bbox 581 3382 614 3441; x_wconf 89' lang='lat' dir='ltr'>iu</span> <span class='ocrx_word' id='word_1_215' title='bbox 628 3389 749 3461; x_wconf 86' lang='lat' dir='ltr'>partem</span> <span class='ocrx_word' id='word_1_216' title='bbox 764 3383 898 3461; x_wconf 86' lang='lat' dir='ltr'>quisque</span> <span class='ocrx_word' id='word_1_217' title='bbox 911 3384 951 3443; x_wconf 90' lang='lat' dir='ltr'>ab</span> <span class='ocrx_word' id='word_1_218' title='bbox 964 3402 1057 3461; x_wconf 83' lang='lat' dir='ltr'>opere</span> <span class='ocrx_word' id='word_1_219' title='bbox 1071 3390 1146 3443; x_wconf 77' lang='lat' dir='ltr'>casu</span> 
     </span>
    </p>
   </div>
   <div class='ocr_carea' id='block_1_10' title="bbox 0 0 1368 3759">
    <p class='ocr_par' dir='ltr' id='par_1_11' title="bbox 0 0 1368 3759">
     <span class='ocr_line' id='line_1_34' title="bbox 0 0 1368 3759; baseline 0 0"><span class='ocrx_word' id='word_1_220' title='bbox 0 0 1368 3759; x_wconf 95' lang='lat' dir='ltr'> </span> 
     </span>
    </p>
   </div>
  </div>
 </body>
</html>
