2725 3759
144 173 165 233 4
464 160 624 228 eAEsAn’s
646 175 781 225 ormo
804 178 894 225 wne

194 355 307 424 mugno
318 364 410 424 opero
421 345 602 406 oohortritus
614 349 671 405 est.
708 343 925 422 Reipublicae
939 344 1072 405 interest
1086 364 1197 405 manus

158 459 172 507 5
193 444 333 503 hostium
347 442 502 516 distineri,
518 460 557 501 ne
571 460 642 501 oum
659 446 750 502 tanta
763 440 967 500 multitudine
981 448 1043 501 uno
1056 446 1197 522 tempore

194 538 422 615 cunfligendum
443 538 493 597 sit.
536 538 577 597 Id
596 537 665 597 fieri
687 542 801 614 potest,
824 536 853 596 si
873 555 945 596 suas
967 537 1073 615 cupias
1095 538 1198 598 Aedui

194 635 229 694 in
241 635 324 693 fines
338 633 577 693 Bellovaourum
591 633 824 693 intruduxerint
835 639 867 692 et
881 640 989 692 eurum
1000 652 1091 710 agros
1103 654 1199 713 popu·

130 737 133 742 ’
194 731 255 791 luri
266 730 433 808 coeperint.
470 730 530 789 His
544 730 703 789 mandatis
718 748 789 789 eum
803 728 843 789 ab
858 748 890 789 se
905 729 1047 789 dimittit.
1082 731 1198 791 Postea

195 828 308 888 Caesar
329 845 436 886 omnes
457 827 626 904 Belginum
647 826 753 905 oupias
774 826 809 885 in
831 833 926 886 uuum
946 826 1049 886 loeum
1074 833 1197 887 eouetas

146 949 173 981 ιο
195 924 234 983 ad
254 942 288 984 se
306 930 412 983 venire
431 924 512 983 vidit
531 941 632 1002 neque
651 924 715 983 iam
733 923 826 1000 longe
847 924 963 982 abesse.
1005 924 1075 983 Huo
1097 924 1136 983 ab
1156 923 1197 983 iis

195 1028 273 1098 quus
288 1026 416 1080 miserat
429 1020 680 1098 expluruturibus
696 1025 728 1079 et
742 1020 782 1079 ab
796 1020 904 1080 Remis
918 1020 1074 1096 eugnuvit.
1117 1022 1197 1079 Tum

194 1115 310 1176 fiumen
329 1116 473 1177 Axonam
492 1117 664 1176 exereitum
679 1117 841 1177 truduoere
857 1108 1030 1177 mutururit
1044 1122 1138 1194 atque
1153 1116 1198 1176 ibi

194 1222 298 1275 eastra
316 1214 431 1291 posuit.
474 1215 559 1284 erae
577 1232 627 1272 res
646 1213 731 1272 latus
750 1221 844 1272 unum
863 1220 1038 1273 eastrurum
1053 1213 1130 1291 ripis
1144 1212 1199 1272 flu-

194 1311 289 1371 minis
311 1310 471 1369 muniebat
485 1317 517 1369 et
533 1316 603 1387 post
618 1328 689 1369 eum
704 1329 783 1386 quae
797 1316 902 1368 essent
917 1315 986 1369 tuta
1000 1310 1039 1368 ab
1053 1309 1197 1369 hostibus

146 1425 172 1471 15
195 1407 352 1467 reddebat.
396 1407 595 1468 Commeatus
615 1406 711 1465 etiam
730 1407 770 1465 ab
790 1405 898 1465 Remis
917 1406 1107 1483 reliquisque
1126 1406 1199 1465 eivi-

194 1504 314 1564 tutibus
326 1503 393 1563 siue
404 1503 542 1581 periculo
553 1503 672 1580 portari
684 1508 839 1580 poterant.
881 1503 922 1561 In
933 1521 968 1561 eo
980 1502 1107 1562 flumine
1118 1511 1197 1580 puns
1245 1512 1247 1516 ’

195 1606 271 1660 erat.
314 1600 365 1659 Ibi
386 1598 577 1677 praesidinm
597 1599 689 1677 punit
709 1605 742 1659 et
765 1599 799 1658 in
823 1598 923 1659 altera
946 1609 1034 1677 parte
1058 1599 1197 1659 fluminis

174 1698 228 1768 «ρ.
248 1696 407 1758 Titurium
429 1696 577 1755 Sabinum
598 1695 738 1773 lugutum
759 1715 830 1756 oum
851 1715 907 1755 sex
927 1695 1108 1756 cohortibus
1130 1696 1198 1755 reli-

194 1794 284 1871 quit;
312 1799 416 1853 eastra
439 1792 473 1851 in
497 1791 700 1852 altitudinem
725 1794 838 1870 pedum
863 1812 915 1851 xrr
940 1792 1024 1853 rullo
1048 1794 1197 1871 fossisque

144 1916 173 1947 ω
194 1889 411 1965 duodeviginti
425 1887 540 1967 pedum
554 1882 672 1949 munite
687 1889 783 1950 iubet.

308 2023 408 2080 iubeo¹
421 2022 530 2084 impero.
812 2024 949 2080 populor,
963 2021 1045 2071 tusto.

309 2107 420 2163 mugno
432 2116 529 2163 opere,
543 2103 714 2154 oelaemeeter.
812 2108 895 2164 ougo,
904 2104 1064 2163 cooduoo,2.

308 2188 444 2243 interest,
452 2187 575 2247 pertinet.
812 2190 969 2247 eugnusoo.
983 2187 1095 2248 reperio,
1107 2185 1131 2236 4.

308 2269 447 2328 diotimo,
461 2268 559 2317 divido
813 2273 941 2327 muturo,
949 2282 1071 2330 propero.

221 2363 224 2366 ·
308 2351 455 2412 ounssigo:
469 2349 572 2412 pupae,
584 2348 691 2402 dimico.
812 2354 1008 2411 commeritus,
1021 2351 1103 2401 eibos.

376 2535 457 2595 How
476 2535 525 2593 tue
538 2496 648 2612 'Belpae
668 2535 719 2610 lay
738 2536 816 2611 sieye
836 2542 866 2593 to
886 2552 908 2593 o
927 2542 1013 2594 town.

234 2666 269 2730 6.
299 2664 349 2724 Ab
368 2664 417 2724 his
435 2663 548 2724 eastris
568 2664 720 2741 oppidum
741 2664 911 2724 Remorum
932 2664 1058 2724 numine
1078 2664 1198 2724 Bibrax

194 2764 301 2822 aberat
314 2759 403 2819 milia
416 2778 565 2837 passuum
580 2765 658 2820 oeto.
702 2761 797 2820 Idex
815 2761 928 2821 itinere
947 2769 1059 2837 magno
1076 2760 1198 2838 impetu

194 2859 308 2935 Belgae
323 2863 503 2934 oppugnure
518 2862 698 2935 coeperunt.
740 2857 843 2933 Aegre
860 2876 896 2916 eo
915 2858 966 2917 die
984 2863 1197 2918 sustentutum

194 2961 250 3016 est.
293 2953 456 3015 Gallorum
484 2953 592 3014 eadem
619 2958 715 3031 atque
738 2953 907 3030 Belginum
931 2955 1124 3033 oppugnatio
1148 2959 1197 3014 est

158 3069 171 3115 5
195 3053 278 3111 haee.
322 3050 531 3112 circumiecta
544 3049 747 3110 multitudine
762 3050 923 3111 hominum
938 3052 1015 3111 tutis
1034 3051 1196 3111 moenibus

193 3148 332 3224 undique
347 3148 379 3206 in
394 3155 517 3206 murum
530 3147 652 3225 lapides
668 3147 796 3206 iaoiunt.
827 3147 892 3206 Ubi
907 3155 1012 3206 murus
1027 3148 1197 3208 defensuri-

192 3245 251 3304 bus
265 3244 402 3304 nudutus
416 3250 474 3319 est,
486 3245 645 3304 testudine
660 3244 747 3303 fauts
760 3248 866 3321 portas
877 3245 1049 3304 suecedent
1062 3253 1198 3304 murum·

193 3359 254 3419 que
269 3341 432 3401 subruunt.
475 3340 564 3411 Quod
577 3345 646 3401 tum
661 3340 755 3401 faoile
770 3340 876 3400 fiebat.
915 3341 1001 3401 Num
1018 3360 1090 3402 enm
1106 3346 1198 3401 tanta
