2725 3759
639 221 750 271 LIBER
771 223 811 271 ΙΙ.

204 390 321 466 Belgae
348 391 389 450 ad
416 390 551 450 Nervios
578 389 767 449 detulerant.
815 389 899 449 Nam
927 389 1011 466 quod
1034 388 1074 449 ad
1098 389 1205 448 hostes

204 486 484 564 adpropinquabat,
510 486 737 546 consuetudine
765 503 823 545 sua
850 485 964 546 Caesar
988 504 1043 545 sex
1067 485 1205 560 legiones

204 583 368 659 expeditas
380 583 527 659 ducebat3
549 588 622 661 post
636 601 688 641 ess
703 581 802 641 totius
814 582 970 641 exercitus
981 582 1207 658 impedimenta

204 679 396 754 conlocarat3
417 665 489 738 inde
503 680 583 738 duae
596 679 735 755 legiones
754 697 835 756 qnae
851 678 993 755 proxime
1010 678 1205 754 conscriptae

204 781 293 835 erant
307 781 409 834 totum
423 794 536 852 agmen
546 775 733 835 claudebant
744 775 961 853 praesidioque
972 774 1205 851 impedimentis
1229 806 1240 853 5

204 878 301 932 erant.
349 873 482 951 Equites
506 875 616 949 nostri,
637 893 708 935 cum
733 874 948 933 funditoribus
970 872 1205 949 sagittariisque

204 969 320 1030 flumen
336 972 534 1048 transgressi,
550 991 621 1032 cum
641 972 781 1032 hostium
800 972 945 1049 equitatu
959 970 1112 1048 proelium
1127 987 1206 1028 com·

204 1067 365 1127 miserunt.
408 1070 486 1129 Cum
508 1088 541 1128 se
562 1069 611 1128 illi
633 1068 806 1129 identidem
826 1069 858 1127 in
878 1068 975 1127 silvas
989 1068 1029 1126 ad
1043 1084 1116 1125 suos
1131 1067 1205 1126 reci-

203 1173 314 1243 perent
334 1186 370 1228 ac
391 1187 499 1228 rursus
520 1187 560 1227 ex
581 1168 664 1227 silva
683 1168 718 1225 in
738 1173 863 1227 nostros
881 1168 1035 1245 impetum
1054 1167 1203 1239 facerent,

203 1285 304 1344 neque
318 1267 419 1326 nostri
432 1267 558 1343 longius
580 1285 673 1344 qnam
696 1284 789 1343 quem
809 1267 850 1325 ad
871 1266 964 1325 finem
978 1271 1124 1344 porrecta
1136 1265 1205 1324 loca
1228 1287 1254 1318 10

174 1363 177 1368 ’
203 1369 314 1440 aperta
339 1364 539 1441 pertinebant
566 1363 713 1423 cedentes
741 1363 866 1441 insequi
890 1363 1049 1437 auderent,
1075 1361 1204 1421 interim

202 1460 340 1537 legiones
356 1479 420 1536 sex,
436 1479 516 1538 quae
526 1460 649 1538 >primae
663 1465 824 1535 venerant,
839 1478 932 1539 opere
946 1460 1088 1521 dimenso
1102 1466 1205 1520 castra

202 1557 324 1617 munire
338 1563 515 1635 coeperunt.
559 1557 624 1618 Ubi
644 1557 748 1635 prima
765 1558 992 1635 impedimenta
1004 1557 1105 1616 nostri
1119 1575 1204 1617 exer·
1237 1601 1247 1619 .

202 1653 285 1713 citus
305 1654 346 1713 ab
365 1654 406 1714 iis
427 1653 482 1731 qui
503 1654 536 1712 in
558 1654 648 1714 silvis
670 1654 770 1714 abditi
783 1655 927 1714 latebant
939 1655 1009 1714 visa
1022 1660 1105 1729 sunt,
1120 1655 1204 1732 quod

202 1755 327 1834 tempus
344 1750 495 1810 intereos
510 1751 728 1811 committendi
742 1751 842 1830 proeli
857 1757 1053 1825 convenerat,
1068 1757 1106 1811 ut
1119 1751 1204 1811 intra
1227 1775 1252 1822 15

202 1846 299 1907 silvas
327 1847 425 1908 aciem
453 1847 640 1925 ordinesque
668 1847 899 1907 constituerant
926 1854 1022 1925 atque
1049 1848 1111 1926 ipsi
1136 1867 1204 1907 sese

202 1944 470 2017 confirmaverant,
485 1945 592 2004 subito
605 1945 751 2005 omnibus
770 1945 869 2023 copiis
886 1945 1130 2023 provolaverunt
1150 1946 1205 2004 im·

202 2046 372 2118 potumque
391 2041 425 2099 in
444 2048 569 2101 nostros
584 2042 708 2119 equites
722 2042 874 2102 fecerunt.
917 2042 980 2102 His
994 2043 1088 2102 facile
1102 2043 1203 2120 pulsis

202 2154 238 2196 ac
258 2138 460 2214 proturbatis,
480 2138 659 2198 incredibili
679 2138 841 2200 celeritate
862 2140 902 2198 ad
922 2138 1039 2199 flumen
1060 2141 1204 2200 decucur-

202 2240 320 2309 rerunt,
335 2240 371 2293 ut
385 2253 483 2312 paene
496 2253 560 2294 uno
574 2240 716 2313 tempore
737 2241 771 2295 et
790 2237 832 2295 ad
852 2236 948 2296 silvas
971 2243 1004 2296 et
1022 2236 1056 2295 in
1074 2236 1203 2297 flumine
1226 2262 1255 2293 πο

202 2337 236 2391 et
261 2330 383 2389 iamin
407 2330 551 2391 manibus
578 2331 696 2391 nostris
720 2332 828 2393 hostes
852 2333 1043 2393 viderentur.
1084 2335 1204 2393 Eadem

202 2433 309 2487 autern
323 2427 484 2487 celeritate
498 2422 630 2487 adve'rso
643 2427 723 2488 colle
744 2431 785 2489 ad
794 2437 795 2446 ¹
804 2436 912 2489 nostra
925 2435 1029 2491 castra
1042 2436 1137 2509 atque
1151 2448 1203 2490 eos

203 2524 306 2602 quiin
320 2543 411 2602 opere
425 2523 569 2602 occupati
583 2530 673 2585 erant
688 2527 926 2586 contenderunt.

244 2621 301 2687 20.
331 2621 456 2683 Caesari
477 2622 583 2682 omnia
602 2641 665 2682 uno
686 2628 826 2701 tempore
845 2629 936 2685 eraut
949 2625 1086 2702 agenda:
1108 2625 1205 2685 vexil-

201 2719 267 2778 lum
288 2719 532 2797 proponendum,
548 2721 633 2797 quod
654 2726 723 2780 erat
743 2721 866 2798 insigne
888 2740 958 2781 cum
977 2722 1018 2781 ad
1035 2741 1123 2782 arma
1135 2740 1205 2782 con·
1226 2741 1253 2788 ις

201 2817 286 2876 curri
299 2822 467 2894 oporteret,
482 2816 608 2893 siguum
622 2818 701 2878 tuba
713 2819 859 2893 dandum,
874 2819 914 2878 ab
930 2837 1022 2896 opere
1036 2819 1205 2879 revocandi

201 2913 330 2987 milites,
345 2912 400 2991 qui
421 2913 515 2990 paulo
535 2913 659 2990 longius
681 2916 803 2991 aggeris
824 2915 953 2993 petendi
974 2932 1068 2975 cansa
1085 2933 1205 2993 proces-

202 3014 308 3069 serant
332 3010 518 3084 arcessendi,
541 3011 623 3070 acies
648 3011 842 3086 instruenda,
865 3013 983 3071 milites
1008 3012 1203 3086 cohortandi,

202 3105 327 3182 signum
348 3092 504 3165 dandum,
537 3106 675 3176 Quarum
697 3126 800 3166 rerum
821 3127 967 3184 magnam
987 3115 1110 3186 partem
1129 3114 1206 3167 tem·

201 3203 288 3281 poris
316 3203 454 3262 brevitas
482 3209 515 3262 et
542 3221 704 3262 successus
732 3204 871 3262 hostium
900 3204 1098 3282 impediebat.
1141 3205 1203 3263 His
1226 3222 1254 3269 30

202 3298 442 3359 difficultatibus
457 3300 542 3380 ,duae
567 3317 617 3358 res
641 3307 732 3358 erant
756 3300 1088 3360 subsidio—scientia
1109 3306 1204 3377 atque

201 3414 278 3457 usus
299 3395 448 3471 militum,
463 3396 548 3473 quod
565 3396 779 3474 superioribus
794 3395 923 3474 proeliis
937 3397 1112 3471 exercitati,
1127 3395 1204 3473 quid
