2725 3759
160 168 201 231 30
522 177 552 225 c.
574 177 653 225 mm
675 177 855 225 onnsnnrs

209 345 330 409 Castris
352 344 485 404 munitis
504 344 612 403 vineas
633 363 725 420 agere
746 363 889 422 quaeque
909 346 950 404 ad
970 347 1216 424 oppugnandum

208 442 281 503 usui
306 448 396 502 erant
419 460 599 519 comparare
624 442 736 519 coepit.
791 442 922 501 Interim
946 443 1048 503 omnis
1073 462 1113 502 ex
1137 444 1218 521 fuga

211 538 414 600 Suessionum
439 538 611 597 multitudo
636 538 668 596 11
689 539 839 616 oppidum
861 539 1005 616 proxima
1026 547 1118 601 nocte
1142 560 1216 601 con·

210 637 310 697 venit.
356 636 508 697 Celeriter
528 635 629 695 vineis
652 638 693 695 ad
714 638 866 714 oppidum
886 638 976 711 actis,
997 657 1111 714 aggere
1132 638 1217 699 iacto

174 762 186 812 ς
210 734 412 811 turribusque
427 732 619 807 constitutis,
634 734 851 810 magnitudine
864 753 1008 812 operum,
1018 754 1099 813 quae
1114 754 1216 813 neque

209 832 356 892 viderant
369 837 443 891 ante
461 830 546 891 Galli
563 850 665 909 neque
683 831 856 906 audierant,
871 839 905 890 et
923 832 1084 891 celeritate
1103 833 1217 892 Roma

210 948 321 989 norum
335 928 478 1007 permoti,
490 929 610 1004 legatos
625 929 664 987 ad
676 929 838 989 Caesarem
854 929 893 988 de
907 928 1067 989 deditione
1080 930 1216 989 mittunt

210 1034 243 1088 11
257 1028 438 1105 petentibus
452 1026 561 1085 Remis
576 1031 614 1085 11
627 1031 887 1085 conservarentur
900 1025 1083 1103 impetrant.

251 1123 305 1189 13.
335 1125 449 1186 Caesar
470 1122 632 1183 obsidibus
656 1123 794 1200 acceptis
818 1123 930 1200 primis
954 1124 1095 1184 civitatis
1119 1131 1216 1203 atque

161 1250 189 1283 ιο
210 1221 312 1300 ipsius
338 1222 456 1282 Galbae
477 1222 560 1299 regis
581 1221 702 1281 dnobus
724 1221 808 1294 111111,
828 1220 986 1299 armisque
1007 1223 1151 1282 omnibus
1176 1242 1217 1283 ex

210 1319 326 1398 oppido
342 1319 478 1391 traditis,
493 1319 527 1377 in
544 1319 736 1379 deditionem
757 1317 939 1378 Suessiones
958 1319 1080 1397 accepit
1098 1320 1216 1380 exerci-

210 1405 342 1495 tumque
360 1416 394 1475 in
410 1415 594 1475 Bellovacos
611 1415 707 1474 ducit.
749 1415 811 1485 Qui
829 1434 901 1474 cum
919 1434 953 1475 se
972 1434 1091 1493 suaque
1110 1418 1217 1476 omnia

210 1512 245 1573 in
268 1515 420 1593 oppidum
448 1515 709 1593 Bratuspantium
737 1514 956 1589 contulissent,
984 1522 1079 1592 atque
1110 1516 1149 1574 ab
1177 1533 1215 1573 eo

210 1611 327 1689 oppido
341 1613 456 1673 Caesar
470 1632 539 1673 cum
555 1614 696 1674 exercitu
712 1613 839 1673 circiter
852 1614 941 1673 milia
958 1632 1108 1691 passuum
1127 1613 1216 1691 quin-

162 1733 188 1783 ¹5
209 1727 271 1786 que
284 1710 416 1782 abesset,
430 1729 538 1769 omnes
552 1711 685 1770 maiores
699 1717 777 1770 natu
792 1730 830 1770 ex
844 1711 961 1789 oppido
971 1712 1088 1787 egressi
1103 1730 1215 1771 manus

131 1807 144 1825 ⁹
210 1807 251 1865 ad
272 1808 435 1868 Gaesarem
457 1808 587 1866 tendere
608 1814 641 1866 et
660 1826 735 1866 voce
757 1807 934 1883 significare
955 1815 1125 1885 coeperunt
1145 1827 1215 1868 sese

211 1902 245 1961 in
261 1904 328 1963 eius
344 1905 436 1963 fidem
452 1924 487 1964 ao
500 1910 691 1983 potestatem
702 1904 809 1963 venire
824 1923 925 1982 neque
939 1911 1050 1964 contra
1063 1906 1214 1983 populum

210 1999 385 2059 Romanum
398 2001 493 2061 armis
504 2003 699 2061 contendere.
722 2002 813 2074 Item,
822 2019 893 2060 cum
905 2003 944 2061 ad
955 1987 1106 2079 oppidum
1117 2020 1217 2062 acces-

211 2096 306 2156 sisset
324 2105 487 2175 castraque
506 2099 551 2158 ibi
570 2105 710 2176 poneret,
728 2098 819 2176 pueri
839 2098 1048 2176 mulieresque
1067 2117 1107 2157 ex
1126 2118 1216 2158 muro

160 2220 190 2251 ιο
210 2193 312 2270 passis
326 2196 470 2255 manibus
484 2215 541 2255 suo
555 2215 640 2255 more
655 2215 761 2273 pacem
777 2196 817 2254 ab
829 2195 981 2255 Romanis
996 2196 1165 2273 petierunt.

251 2288 305 2354 14.
334 2292 397 2350 Pro
416 2292 467 2350 his
486 2293 796 2353 Divitiacns—nam
809 2299 891 2370 ”post
911 2293 1084 2353 discessum
1105 2293 1216 2370 Belga-

210 2405 280 2446 rum
293 2388 432 2448 dimissis
448 2390 625 2448 Aeduorum
641 2390 741 2467 copiis
755 2390 795 2449 ad
812 2408 883 2448 eum
904 2390 1216 2450 reverterat-facit

209 2485 323 2545 verba:
348 2485 532 2545 Bellovacos
552 2486 638 2544 omni
659 2492 801 2563 tempore
822 2486 855 2544 in
877 2486 938 2546 fide
959 2494 1054 2566 atque
1074 2487 1214 2548 amicitia

210 2580 351 2641 civitatis
367 2583 494 2642 Aeduae
511 2582 624 2641 fuisse:
646 2583 801 2661 impulsos
818 2584 921 2643 11111
939 2585 1142 2662 principibus,
1158 2585 1214 2662 qui

160 2703 187 2750 25
204 2676 351 2736 dicerent
363 2678 488 2737 Aeduos
503 2678 543 2737 ab
556 2680 687 2739 Caesare
702 2679 734 2737 11
749 2681 934 2740 servitutem
949 2683 1091 2741 redactos
1105 2701 1214 2742 omnes

210 2772 418 2850 indignitates
437 2775 705 2852 contumeliasque
725 2778 874 2853 perferre,
890 2784 923 2837 11
942 2779 981 2837 11)
994 2779 1114 2839 Aeduis
1131 2780 1214 2838 defe-

210 2869 290 2929 cisse
321 2877 354 2930 et
384 2872 501 2948 populo
528 2873 670 2931 Romano
699 2874 816 2932 bellum
844 2875 1001 2935 intulisse.
1057 2875 1116 2946 Qui
1144 2876 1212 2934 eins

210 2967 322 3027 consili
350 2967 509 3045 principes
537 2969 684 3043 fuissent,
708 2971 792 3047 quod
816 2970 1038 3049 intellegerent
1061 2976 1212 3049 quantam

209 3064 422 3124 calamitatem
450 3065 574 3125 civitati
602 3066 796 3140 intulissent,
821 3067 856 3126 in
883 3069 1079 3128 Britanniam
1106 3068 1214 3145 profu·

160 3188 189 3234 30
210 3160 301 3237 gissa.
343 3162 457 3220 Petere
478 3182 541 3221 nou
562 3163 663 3221 solum
683 3163 869 3224 Bellovacos
891 3167 946 3225 sed
967 3165 1062 3224 etiam
1083 3185 1141 3242 pro
1161 3164 1212 3224 his

209 3257 337 3316 Aeduos
358 3263 396 3316 11
417 3276 475 3317 111
498 3258 665 3319 clementia
688 3278 725 3319 ae
748 3262 990 3320 mansuetudine
1013 3260 1122 3321 ineos
1146 3266 1214 3321 nta-

209 3359 271 3412 111.
299 3354 389 3424 Quod
402 3355 431 3414 si
445 3356 567 3429 fecerit,
575 3355 757 3415 Aeduorum
771 3356 991 3416 auctoritatem
1006 3358 1090 3435 apud
1103 3374 1212 3417 omnes
