2725 3759
548 217 657 266 mnus
680 218 720 312 rr.
1114 201 1155 268 27

105 391 244 450 adventu
257 393 290 448 et
303 386 413 447 Remis
432 405 503 447 oum
522 404 577 464 spe
597 383 792 445 defensionis
813 384 955 445 studium
976 403 1108 463 propug-

104 486 202 547 nandi
216 484 356 558 aooessit,
368 490 402 544 et
415 483 560 543 hostibus
574 483 684 543 eadem
697 482 736 542 de
755 500 849 542 eausa
867 500 938 560 spes
960 482 1107 560 potiundi

104 581 214 661 oppidi
228 582 381 641 discessit.
418 582 531 657 itaque
548 580 709 657 paulisper
723 579 807 656 apud
825 579 975 657 oppidum
993 580 1108 638 morati

104 698 258 757 agrosque
279 679 450 738 Remorum
471 676 663 755 depopulati,
681 676 827 736 omnibus
845 676 922 736 viois
944 676 1108 736 aedificiis·

105 796 167 858 que
191 794 269 854 qnos
293 776 380 834 mlire
405 779 574 853 potuerant
598 772 743 848 incensis,
769 773 809 833 ad
836 778 940 833 eastra
963 772 1106 833 Caesaris
1132 801 1143 849 ς

105 873 250 933 omnibus
278 872 377 950 copiis
405 871 634 931 contenderunt
665 876 698 929 et
729 871 769 930 ab
798 870 926 929 milibus
958 888 1106 948 passuum

104 970 210 1029 minus
236 970 357 1030 duobus
381 976 485 1028 castra
508 974 696 1045 posuerunt3
726 986 805 1043 quae
829 973 940 1041 castra,
962 975 999 1026 ut
1019 970 1108 1026 fumo

104 1072 201 1145 atque
225 1067 351 1144 ignibus
376 1065 619 1142 significabatur,
643 1064 779 1142 amplius
802 1063 931 1124 milibus
959 1083 1108 1143 passuum

104 1171 177 1225 ooto
197 1164 231 1223 in
251 1163 453 1223 latitudinem
473 1161 632 1239 patebant.
663 1170 674 1190 ‘

146 1259 182 1325 8.
211 1262 325 1322 Caesar
342 1259 443 1337 primo
459 1265 491 1318 et
510 1264 639 1337 propter
657 1258 895 1319 multitudinem
913 1259 1053 1319 hostium
1072 1265 1105 1320 et
1132 1289 1159 1320 ιο

105 1364 235 1438 propter
253 1357 400 1417 eximiam
420 1355 598 1434 opinionem
615 1355 745 1415 virtutis
765 1356 884 1433 proelio
905 1357 1107 1435 supersedere

106 1457 238 1533 statuit3
265 1455 382 1516 ootidie
402 1461 509 1515 tamen
529 1454 728 1532 equestribus
753 1454 881 1533 proeliis
904 1454 981 1532 quid
1005 1455 1107 1515 hostis

104 1554 227 1613 virtute
253 1557 361 1632 posset
388 1558 421 1612 et
448 1551 526 1630 quid
553 1551 653 1610 nostri
680 1552 833 1611 auderent
859 1551 1105 1629 periclitabatur.

107 1651 174 1712 Ubi
191 1655 315 1711 nostros
334 1670 399 1710 non
418 1668 487 1710 esse
506 1648 672 1708 inferiores
691 1647 860 1725 intellexit,
877 1648 946 1708 looo
967 1668 1024 1727 pro
1044 1668 1108 1709 oas-

105 1753 165 1813 tris
181 1754 221 1813 ad
235 1753 332 1814 aoiem
347 1752 561 1814 instruendam
574 1757 687 1811 natura
700 1757 875 1829 opportuno
886 1757 981 1828 atque
995 1751 1107 1811 idoneo
1131 1779 1156 1827 15

105 1852 242 1930 —quod
262 1852 289 1911 is
311 1851 410 1925 oollis,
432 1851 485 1910 ubi
507 1856 611 1911 eastra
634 1850 740 1929 posita
759 1855 857 1925 erant,
879 1850 1043 1928 paululum
1067 1870 1107 1910 ex

108 1949 240 2029 planitie
262 1949 367 2008 editus
390 1954 515 2009 tantum
536 1949 685 2008 adversus
703 1947 737 2006 in
756 1947 957 2007 latitudinem
978 1947 1107 2024 patebat

107 2056 260 2130 quantum
276 2050 338 2110 looi
355 2049 437 2110 aeies
456 2050 611 2111 instructa
629 2070 780 2128 oooupare
800 2055 934 2129 poterat,
952 2056 1046 2127 atque
1068 2068 1107 2110 ex

106 2155 241 2227 utraque
268 2156 358 2228 parte
384 2149 493 2210 lateris
521 2149 661 2209 deiectus
690 2148 825 2208 habebat
852 2153 884 2208 et
911 2149 946 2206 in
969 2148 1106 2208 frontem

106 2246 223 2307 leniter
246 2246 416 2323 fastigatus
440 2246 594 2323 paulatim
622 2246 664 2306 ad
690 2245 857 2322 planitiem
884 2245 1108 2305 redibat—ab
1129 2274 1158 2305 ιο

106 2353 241 2425 utroque
264 2348 364 2407 latere
387 2347 454 2407 eius
479 2347 568 2407 oollis
596 2352 807 2406 transversam
832 2347 951 2407 fossam
975 2346 1108 2407 obduxit

106 2445 234 2505 oiroiter
254 2465 404 2524 passuum
426 2446 726 2525 quadringentorum
750 2451 782 2505 et
806 2446 847 2505 ad
871 2452 1026 2507 extremas
1047 2446 1109 2506 fos·

107 2561 159 2603 sas
187 2545 318 2604 castella
341 2543 506 2603 eonstituit
534 2543 640 2621 ibique
666 2549 825 2605 tormenta
851 2544 1035 2612 oonlooavit,
1057 2563 1107 2618 ne,

106 2659 178 2701 oum
206 2642 304 2702 aeiem
332 2641 544 2713 instruxisset,
566 2640 682 2712 hostes,
705 2642 789 2720 quod
816 2647 940 2702 tantum
967 2641 1109 2701 multitu-

106 2737 180 2797 dine
197 2744 351 2817 poterant,
367 2739 407 2798 ab
422 2738 574 2798 lateribus
593 2745 770 2817 pugnantes
789 2758 862 2799 suos
881 2738 1107 2800 circumvenire
1130 2766 1156 2814 ²5

106 2842 245 2913 possent.
298 2837 368 2896 Hoo
395 2836 481 2896 laeto
508 2837 627 2898 duabus
655 2838 831 2914 legionibus
859 2832 938 2916 quas
966 2838 1108 2917 proxime

106 2933 335 3012 oonsoripserat
359 2932 392 2992 in
416 2933 529 2994 castris
553 2934 683 3006 relictis,
704 2940 750 3006 ut,
772 2935 800 2994 si
825 2955 887 3011 quo
912 2955 990 3012 opus
1014 2941 1106 3006 esset,

107 3028 248 3090 subsidio
269 3029 341 3090 dnoi
361 3036 500 3109 possent,
520 3031 658 3108 reliquas
679 3050 735 3091 sex
756 3031 895 3107 legiones
916 3050 974 3108 pro
994 3031 1106 3094 eastris

106 3124 141 3184 in
162 3125 227 3185 aeie
248 3127 423 3187 constituit.
465 3128 584 3187 Hostes
605 3127 684 3187 item
705 3146 777 3186 suas
801 3128 907 3206 oopias
933 3147 972 3187 ex
995 3127 1107 3187 eastris

106 3222 234 3282 eductas
249 3223 475 3284 instruxerant.
603 3257 608 3264 ·
1130 3251 1159 3297 30

148 3319 182 3385 9.
208 3320 304 3379 Palus
319 3325 387 3379 erat
401 3339 464 3378 non
478 3339 591 3397 magna
603 3320 689 3380 iuter
702 3325 845 3380 nostrum
859 3326 954 3399 atque
968 3320 1107 3381 hostium

106 3415 288 3477 exercitum.
337 3416 430 3476 Hano
451 3416 479 3476 si
501 3416 602 3477 nostri
623 3416 796 3477 transirent
819 3417 926 3478 hostes
951 3422 1108 3495 exspecta·
