2725 3759
591 218 691 266 soon
712 217 752 264 11.
1173 201 1194 264 5

144 386 314 448 multittdo
327 385 448 464 lapides
463 393 499 445 se
514 385 580 445 tela
595 384 783 458 oonioerent,
798 384 832 443 in
849 390 936 442 muro
952 382 1145 443 consistendi

127 488 284 563 potestas
309 488 376 543 erat
403 482 491 541 nulii.
540 482 704 542 Postremo
731 481 829 541 finem
857 479 1057 558 oppugnandi
1083 499 1146 538 nor
1170 501 1198 533 10

144 581 231 641 feeit.
273 582 354 640 Tum
374 580 476 639 Iooius
497 579 625 654 Remus,
647 578 702 656 qui
724 578 841 655 oppido
860 579 1049 655 praefuerat,
1071 583 1147 635 nuu-

145 677 227 739 tinm
249 677 290 737 ad
313 677 477 738 Caesarem
501 674 619 734 mittit:
645 675 709 735 nisi
733 669 908 735 suBsidium
932 674 993 734 sibi
1017 673 1147 734 submit-

146 780 241 849 estur,
257 779 325 834 sese
339 773 458 832 diritius
473 772 629 832 sustinere
642 780 707 832 nou
720 790 820 849 posse.

277 893 371 946 totus,
384 889 479 938 omnis.
713 890 834 947 subrue,
848 886 970 947 suffodio.

278 972 421 1030 undique,
435 984 466 1020 eo
477 971 552 1021 ossus·
558 974 643 1032 parte.
711 970 852 1028 consisto,
865 975 913 1019 eto.

277 1055 340 1114 nbi,
354 1066 422 1103 eom.
713 1050 1021 1113 praesumeremus
1031 1064 1099 1102 sum.

277 1138 369 1195 nudo,
378 1136 466 1197 privo.
713 1135 891 1193 subsidium¹
906 1134 1046 1183 auxilium.

278 1220 423 1268 succedo:
443 1217 545 1277 arride,
558 1217 647 1268 subeo.
714 1218 854 1276 sustineo,
868 1222 992 1267 eruente.

60 1335 64 1343 .
117 1383 119 1386 ’
216 1375 303 1459 ΤΙιεχ
317 1375 459 1433 abendon
479 1374 526 1433 the
547 1375 625 1451 sirpe
646 1375 710 1433 ond
730 1380 801 1432 turn
821 1377 943 1451 aquirere
965 1371 1079 1434 Goeear.

181 1495 221 1561 ⁴7.
253 1496 299 1560 Es
316 1496 354 1555 de
371 1496 474 1555 media
488 1501 578 1555 noete
593 1495 707 1556 Caesar
720 1494 874 1555 Numidas
889 1500 921 1554 et
936 1496 1044 1557 Cretas
1056 1496 1150 1572 sagit-

148 1594 246 1653 tarios
265 1591 300 1676 et
318 1592 495 1652 funditores
514 1592 660 1652 Balesires
682 1591 822 1652 subsidio
843 1592 1008 1670 oppidr'rnis
1030 1593 1147 1668 mittit;

149 1698 281 1768 quorum
295 1690 432 1749 adventu
446 1688 589 1749 hostibus
604 1708 676 1766 spes
698 1688 844 1766 potiundi
864 1689 972 1766 oppidi
993 1690 1146 1749 discessit.

111 1830 113 1835 .
149 1789 261 1865 Itaque
280 1788 439 1866 paulisper
458 1788 542 1865 apud
560 1788 710 1865 oppidum
731 1787 845 1846 morati
866 1794 1018 1864 agrosque
1040 1771 1175 1845 Remo‘

148 1904 217 1943 rum
238 1885 421 1966 depopulati
442 1885 482 1945 ad
503 1892 606 1945 eastra
626 1884 768 1946 Caesaris
790 1883 933 1943 omnibus
957 1883 1055 1961 copiis
1080 1902 1149 1943 oon·
1171 1904 1185 1951 5

148 1981 317 2041 tenderunt
337 1987 370 2042 et
392 1983 431 2042 ab
453 1982 579 2042 miiibus
603 2000 754 2059 passuum
778 1981 881 2040 minus
904 1980 1024 2040 duobus
1047 1986 1151 2040 eastra

149 2084 338 2156 posuerunt3
368 2098 447 2156 quae
469 2085 581 2154 eastra,
603 2085 639 2138 ut
661 2079 748 2139 firmo
772 2084 867 2156 atque
886 2078 1011 2155 ignibus
1033 2077 1150 2154 sIgnifi-

138 2175 286 2249 vexibetur5
311 2176 447 2253 amplius
471 2176 598 2236 mssibus
622 2193 772 2254 passuum
796 2180 867 2236 outo
890 2176 925 2235 in
948 2173 1151 2235 latitudinem

149 2267 307 2349 petebant.
392 2295 395 2301 ·

281 2371 462 2428 subsidium,
474 2370 614 2429 anartium,
625 2368 650 2418 6.
718 2384 830 2427 moror,
844 2374 960 2419 ennam.

281 2453 389 2511 potior,
403 2464 509 2513 oeeopo.
714 2454 893 2510 depopulat,
904 2452 987 2502 edsio.

281 2535 414 2592 diseede,
428 2534 500 2585 abeo.
719 2537 875 2593 enatando,
889 2534 1003 2594 marrire,
1016 2533 1041 2584 t.

282 2618 444 2678 paulisper,
458 2617 513 2667 uon
524 2616 579 2667 dio.
719 2622 817 2677 pateo,
826 2618 957 2679 pertineo.

314 2781 422 2844 Ooeror
441 2786 548 2843 awor‘te
569 2783 615 2842 tire
635 2785 736 2843 attoek
756 2786 795 2859 os
809 2785 855 2842 iiie
876 2801 987 2860 enemy.

191 2905 226 2970 8.
256 2905 370 2967 Caesar
396 2912 496 2983 primo
526 2910 654 2983 propter
685 2906 921 2966 multitudinem
951 2905 1091 2965 hostiurn
1119 2911 1151 2965 et

150 3006 279 3079 propter
296 3001 444 3062 eximiam
464 3002 643 3079 epimonem
661 3003 790 3063 virtutis
809 3002 928 3080 proelio
949 3003 1151 3079 supersedere

151 3097 281 3175 statuit;
302 3098 416 3158 cotidie
433 3103 539 3158 tamen
558 3098 634 3175 quid
650 3098 751 3158 hostis
768 3100 886 3159 virtute
903 3104 1010 3177 posset
1025 3103 1058 3158 et
1075 3098 1153 3176 quid

150 3194 251 3254 nostri
268 3195 418 3254 auderent
431 3194 675 3272 periclitsbatur'.
719 3196 819 3255 Locus
834 3201 901 3255 erat
915 3214 971 3273 pro
985 3195 1097 3257 eastris
1112 3197 1152 3256 ad

150 3291 478 3366 aeieminstruendem
492 3298 606 3354 ostdra
619 3298 811 3370 opportunus
825 3298 921 3370 atque
935 3293 1075 3353 idoneus.
1117 3294 1151 3353 Is
1173 3306 1188 3354 s

150 3393 257 3448 autem
270 3387 369 3465 eollis,
380 3388 435 3450 ubi
449 3394 553 3450 eastra
565 3388 671 3467 posita
680 3395 778 3465 eraut,
790 3389 955 3467 paululum
965 3409 1006 3450 ex
1019 3389 1152 3468 planitie
