2725 3759
465 179 624 245 onsne’s
643 189 780 244 emo
803 195 893 242 wne

196 364 325 427 dovonit
336 382 478 443 quaeque
493 369 594 442 prima
608 369 696 441 signa
710 361 884 441 conspexit,
896 361 937 422 ed
950 361 1028 422 haee
1042 359 1199 437 eonstitit,

196 482 236 523 ne
250 462 285 522 in
298 461 485 541 quaerendis
500 461 565 521 suis
580 461 742 540 pognandi
757 466 880 537 tempus
895 458 1078 519 dimitteret.

295 578 430 636 devenio,
441 577 573 639 pervenio.
762 575 971 633 adcommodo,
985 579 1055 636 opto.

295 660 457 719 pristinus:
476 664 557 718 tetus,
571 658 707 719 antiquus.
763 658 866 715 induo,
880 656 985 706 indico.

295 745 451 803 perturbo,
464 753 621 800 commoveo,
633 739 672 790 12.
763 740 904 797 ootrodo,
917 738 1035 789 detraho.

295 825 438 882 sustineo,
451 828 578 882 monnio,
589 821 615 871 6.
761 824 844 880 eosu,
853 820 934 883 forte.

296 915 431 966 occurro,
445 904 542 955 incido.
764 904 926 961 conspicio,
937 903 1083 965 ὠηερίεον.

259 1008 261 1013 ·
297 991 457 1052 exiguitas,
471 988 591 1042 brevitas·
763 985 1007 1044 (liminelimine.

198 1148 291 1208 Allis
305 1148 462 1222 conjitsion
479 1147 513 1202 in
530 1144 578 1202 tlte
595 1143 703 1215 battle;
725 1143 771 1201 tte
786 1143 979 1201 commender
991 1160 1049 1201 oon
1062 1143 1101 1201 (lo
1115 1142 1199 1201 little.

240 1268 297 1334 22.
321 1256 481 1326 instrooto
500 1264 641 1328 exercitu
656 1263 757 1340 magis
778 1270 815 1324 ut
835 1262 896 1323 loei
918 1269 1030 1324 nitore
1048 1262 1201 1324 deiectus·

199 1363 371 1445 querellis
392 1368 424 1422 et
445 1361 617 1422 necessitas
638 1361 790 1438 temporis
811 1379 905 1437 quam
927 1365 963 1419 ut
984 1359 1030 1419 rei
1051 1347 1200 1420 militoris

200 1462 280 1522 ratio
299 1467 394 1538 etque
410 1460 487 1521 ordo
504 1458 693 1536 postulobat,
709 1458 807 1517 fiebat
827 1462 864 1516 ut
880 1457 961 1517 aliae
979 1457 1119 1533 legiones
1138 1456 1203 1517 elia

198 1560 233 1619 in
243 1564 332 1637 parte
343 1556 487 1617 hostibus
499 1555 700 1631 resisterent3
719 1554 865 1633 saepibus
876 1559 982 1614 autem
993 1553 1200 1629 densissimis,

164 1674 178 1721 5
200 1663 236 1715 ut
254 1661 328 1715 ante
347 1652 639 1728 domonstrovimus,
655 1650 829 1712 interiectis
850 1658 1034 1730 prospectus
1056 1650 1203 1729 impedio

200 1754 300 1828 bitur,
322 1758 359 1812 ut
379 1768 480 1828 neque
501 1755 587 1810 eerta
607 1748 748 1809 subsidia
768 1747 933 1823 oonloeori,
955 1766 1057 1826 neque
1077 1749 1116 1808 eb
1140 1755 1201 1807 ono

199 1848 305 1909 omnia
329 1848 460 1926 imperia
483 1845 698 1906 administrori
723 1851 860 1922 possent.
914 1845 1027 1922 ltaque
1051 1844 1085 1904 in
1109 1851 1202 1904 terite

200 1953 304 2005 rorum
326 1943 501 2022 iniquitote,
523 1944 670 2003 tortines
688 1959 811 2020 quoque
836 1946 968 2003 oventus
991 1941 1070 2001 varii
1094 1947 1202 2019 sequo

199 2043 321 2103 bantur.

296 2158 439 2216 deiectus,
452 2156 594 2216 docontes,
608 2154 632 2204 8.
800 2156 989 2215 sdministro,
1003 2168 1063 2216 opo,
1075 2153 1116 2205 20.

297 2241 386 2299 ratio,
399 2241 517 2291 scientio.
797 2238 953 2297 iniquitas,
966 2235 1089 2287 venetos.

296 2324 443 2382 interisio,
457 2322 602 2385 interpono.
798 2324 934 2381 eventus,
948 2320 1034 2370 eosne.

324 2481 385 2539 Tite
402 2480 490 2539 battle
508 2498 602 2540 seems
620 2488 650 2540 to
668 2481 703 2541 be
719 2484 809 2559 poiop
824 2483 945 2557 opoiost
965 2479 1078 2541 Ooesar.

241 2593 298 2660 23.
321 2594 468 2670 Legionis
488 2602 588 2654 nonae
609 2601 642 2656 et
663 2594 801 2655 decimae
815 2595 941 2669 milites,
956 2600 993 2654 ut
1014 2594 1049 2653 in
1069 2592 1201 2653 sinistre

199 2698 289 2770 perte
311 2690 377 2751 asie
399 2690 615 2765 constiterant,
640 2690 809 2751 Atrebates
832 2711 926 2751 eursu
951 2699 987 2752 oe
1010 2688 1199 2751 lassitidine

198 2787 394 2848 exanimotos
422 2786 668 2865 vulneribusque
696 2788 856 2848 confectos
887 2788 1031 2849 celeriter
1061 2806 1101 2847 ex
1130 2786 1199 2845 loeo

199 2884 360 2962 superiore
388 2883 421 2942 in
447 2882 564 2944 flomen
592 2884 817 2962 compulerunt.
875 2888 956 2945 Tum
984 2904 1037 2945 eos
1064 2888 1199 2944 tronsire

163 3001 177 3048 5
199 2988 347 3043 conantes
368 2980 510 3055 inseeoti,
533 2980 647 3058 gladiis
668 2989 814 3058 mognam
833 2988 956 3060 partem
977 2990 1085 3042 eornm
1105 2982 1200 3040 inter·

199 3080 349 3138 focerunt.
394 3078 462 3155 Ipsi
486 3083 620 3138 tronsire
645 3078 761 3139 flomen
781 3088 843 3140 non
865 3080 1090 3140 dubitovorunt
1111 3083 1144 3137 et
1165 3076 1200 3134 in

198 3176 299 3235 loeum
322 3174 464 3252 iniquum
485 3176 652 3254 progressi,
669 3176 776 3236 hostes
797 3178 1010 3254 redintegroto
1027 3176 1145 3254 proelio
1165 3173 1199 3231 in

198 3273 307 3347 fugam
332 3272 538 3332 eonioeornnt.
582 3273 663 3332 Item
690 3273 753 3332 elia
776 3274 809 3332 in
834 3279 924 3351 parte
951 3274 1091 3332 diversae
1117 3272 1197 3329 duae

198 3367 346 3444 legiones,
362 3367 525 3428 ondeeima
545 3373 578 3428 et
600 3375 720 3444 octova,
736 3389 775 3428 ex
796 3370 865 3429 loeo
884 3370 1043 3449 superiore
1063 3368 1097 3427 in
1118 3367 1198 3445 ipsis
