2725 3759
149 197 169 257 8
466 187 626 254 cmsss's
647 199 782 252 emmo
804 203 894 251 wne

197 373 368 451 praemisit
410 373 445 432 Τ.
464 372 636 432 Labionum
652 372 793 448 logotum
811 390 882 430 oum
898 370 1076 450 legionibus
1096 372 1201 433 tribus

198 469 346 547 subsequi
373 468 475 529 iiissit
521 469 565 527 Hi
590 467 778 527 novissimos
803 466 905 527 adorti
930 472 962 527 et
986 468 1088 527 multa
1111 467 1202 528 milia

197 584 346 645 passuum
366 566 522 644 prosecuti
542 573 686 642 mignam
703 564 939 623 multitudinem
955 569 1063 624 eorum
1079 564 1201 642 fugien-

149 692 176 724 10
197 664 279 722 tium
293 665 501 724 concidorunt.
543 662 574 721 Ii
590 662 630 722 ad
650 680 729 739 quos
747 666 877 720 ventum
897 666 965 721 erat
985 661 1200 722 consistobent

196 759 386 837 fortiterque
403 759 555 837 impetum
568 765 748 820 nostrorum
762 757 977 833 sustinobant3
999 758 1055 817 sed
1068 759 1197 837 priores,

196 858 280 935 quod
297 857 405 917 abesse
422 875 441 917 a
457 857 594 934 periculo
607 855 804 931 vidobantur,
819 855 966 916 exaudito
982 855 1117 917 olimore
1132 873 1200 935 per·

196 953 332 1015 turbitis
352 953 515 1016 ordinibus
533 971 641 1013 omnes
660 953 695 1012 in
716 952 793 1030 fuga
811 952 873 1013 sibi
893 952 1085 1031 praesidium
1106 958 1200 1032 pono·

195 1054 281 1115 bant.
309 1051 362 1114 Ita
375 1054 443 1114 sine
458 1053 522 1113 olio
536 1053 672 1131 periculo
687 1060 832 1130 mignam
843 1059 949 1113 eorum
962 1050 1199 1111 multitudinem

147 1173 174 1219 15
196 1154 297 1214 nostri
305 1153 532 1214 interfoeorunt
539 1151 597 1211 sub
605 1157 811 1228 occisumque
821 1149 896 1210 solis
905 1148 1094 1210 distitorunt
1102 1154 1198 1228 eoque

195 1252 229 1311 in
243 1257 354 1327 eastra,
370 1255 406 1311 ut
420 1254 487 1310 erat
501 1248 699 1326 imperitum,
714 1252 907 1325 receperunt.

244 1367 406 1427 constituo,
419 1370 515 1424 smine,
531 1361 569 1412 10.
713 1364 893 1422 subsequor:
902 1362 1057 1424 prosequor,
1063 1358 1199 1426 instruor.

243 1451 403 1508 strepitus:
422 1448 529 1506 domur,
536 1446 670 1509 fremitus.
711 1446 842 1505 adorior,
856 1444 1005 1508 adoredior,
1020 1444 1059 1495 10.

243 1533 416 1592 conmmiliu
425 1532 579 1594 persimilis.
712 1531 848 1589 oonefflo,
862 1528 1015 1590 midaii.

243 1627 356 1674 vereor,
369 1616 456 1674 timeo,
472 1612 493 1663 1.
710 1614 852 1671 nonanto,
863 1618 914 1671 sio,
926 1611 951 1662 6.

243 1712 354 1760 moror,
365 1703 483 1759 tardor,
496 1695 520 1749 i.
711 1696 853 1755 mutinen,
866 1701 992 1756 mato,
1004 1692 1029 1744 o

194 1862 227 1923 A
240 1866 348 1940 forced
367 1865 471 1925 moret
495 1866 559 1925 aad
579 1866 679 1925 miuek
699 1883 740 1924 on
761 1865 986 1925 Nouiodunum.
1033 1861 1096 1925 Tuo
1118 1872 1196 1926 wion

601 1964 787 2021 surrenders.

235 2072 288 2138 12.
317 2072 475 2135 Postridie
498 2073 568 2135 oius
593 2074 656 2135 dioi
681 2075 796 2137 Caesar
820 2074 855 2134 in
881 2073 964 2136 fines
992 2074 1196 2137 Suessionum

194 2170 366 2231 exereitum
385 2172 476 2232 duxit
496 2177 529 2232 et
551 2179 662 2250 migne
683 2172 798 2233 itinere
818 2171 963 2234 oonfeoto
983 2172 1024 2233 ad
1044 2173 1195 2252 oppidum

193 2267 416 2331 Noviodunum
426 2270 598 2331 contendit.
637 2269 677 2330 Id
687 2289 728 2331 ex
738 2269 851 2331 itinere
861 2273 1041 2349 oppignore
1052 2276 1192 2346 sonitus,

193 2364 278 2442 quod
298 2384 430 2427 vanuum
450 2367 491 2428 ab
511 2367 728 2428 doionsoribus
752 2386 822 2428 esse
842 2367 999 2444 audiebat,
1017 2375 1195 2446 expognire

156 2479 171 2525 5
193 2468 257 2521 non
277 2462 390 2541 potuit
433 2463 567 2525 Interim
587 2464 688 2524 omnis
709 2482 749 2524 ex
770 2464 847 2542 fuge
867 2464 1071 2526 Suessionum
1091 2464 1196 2525 multi·

192 2560 269 2619 todo
279 2559 314 2619 in
324 2560 473 2638 oppidum
485 2561 628 2639 proxima
641 2566 733 2620 noete
743 2559 899 2622 convinit
932 2560 1087 2621 Celeriter
1094 2559 1195 2620 vineis

193 2655 234 2715 ad
253 2657 403 2734 oppidum
425 2657 514 2730 iotis,
536 2674 647 2732 aggere
668 2655 752 2715 iaeto
773 2655 976 2733 turribusque
1000 2654 1192 2728 constitutis,

192 2752 408 2829 mognitirdine
430 2770 559 2830 operum
581 2757 614 2810 et
635 2750 797 2811 eeleritite
822 2753 1036 2812 Rominorum
1060 2748 1196 2829 permoti

193 2855 268 2911 sunt
291 2848 482 2909 Suessiones
524 2847 638 2926 Itaque
662 2846 783 2924 logitos
804 2848 845 2909 ad
865 2848 1029 2910 Caesarem
1052 2848 1092 2908 de
1112 2845 1196 2907 dodi·

144 2967 171 3001 10
192 2945 279 3007 tione
295 2945 428 3006 mittunt
444 2951 477 3006 et
495 2943 674 3024 petentibus
694 2944 803 3007 Romis
817 2950 854 3006 ut
867 2950 1128 3007 conservirentur
1140 2941 1196 3004 im·

191 3049 328 3121 petrant.

241 3150 503 3213 consistamus.
761 3166 834 3214 ago:
848 3152 930 3214 pello,
944 3152 1020 3213 dico,
1034 3153 1121 3207 ueto.

241 3235 399 3293 eontendo,
411 3247 533 3297 propero.
761 3247 930 3294 permovet),
943 3249 1099 3314 maroveo.

240 3325 368 3366 vaenue:
387 3327 489 3377 terens,
504 3313 599 3370 ezidus.
757 3318 883 3378 doditio,
897 3315 1014 3368 tritico.

195 3461 198 3468 Δ
240 3397 495 3459 interimimus.
758 3398 898 3458 impono,
910 3399 1064 3463 (6111111111.
