2725 3759
630 201 730 249 BOOK
751 201 790 247 11.

307 402 388 477 They
402 402 481 477 plan
501 410 531 460 to
552 403 652 461 mark
674 401 806 479 Ooesqr's
826 405 960 463 udvaace
978 404 1085 481 quarti.

234 521 286 587 17.
317 522 379 582 His
398 523 499 590 ,rebus
528 521 663 599 cegnitis
691 522 906 601 explereteres
936 523 1196 600 centurienesque

193 618 371 697 praemittit
388 619 443 696 qui
459 619 563 679 locum
579 619 727 679 ideneum
744 621 856 680 castris
874 620 1021 696 deligant.
1063 621 1141 681 Cum
1157 638 1196 679 ex

194 715 350 775 dediticiis
370 716 478 792 Belgis
500 716 693 794 reliquisque
713 717 816 778 Gallis
833 718 1008 794 compleres
1031 717 1195 777 Caesarem

194 812 292 871 seceti
307 819 368 872 ena
382 812 443 871 iter
457 813 605 886 facerent,
623 814 750 890 quidam
767 831 807 872 ex
823 814 872 873 his
890 819 981 873 nocte
1000 813 1040 873 aul
1058 814 1193 872 Nervios

192 915 411 986 pervenerunt.
455 910 516 969 His
531 910 787 970 demenstrerunt
801 910 885 970 inter
899 909 1038 986 singulas
1054 909 1194 986 legienes
1217 921 1232 969 5

193 1006 488 1083 impedimenterum
513 1013 661 1082 magnum
686 1025 849 1065 numerum
874 1006 1073 1080 intercedere,
1094 1024 1195 1084 neque

194 1120 262 1162 esse
276 1103 444 1180 quicquam
458 1103 574 1178 regen,
586 1120 658 1162 cum
672 1109 774 1180 prima
787 1102 870 1179 legio
884 1103 919 1161 in
932 1108 1035 1163 castra
1045 1103 1194 1177 venisset,

193 1198 275 1260 hanc
289 1199 348 1258 sub
362 1199 494 1259 sarcinis
509 1200 641 1274 adoriri3
664 1218 729 1276 qua
741 1199 833 1277 pulsa
847 1201 988 1259 futurum
1002 1205 1039 1260 ut
1056 1199 1195 1276 reliquae

193 1295 333 1373 legienes
349 1302 459 1357 contra
476 1296 646 1358 censisterc
665 1304 729 1355 nen
753 1297 916 1356 auderent.
957 1296 1070 1355 Nervii
1089 1302 1195 1356 autern

194 1392 377 1470 antiquitus,
399 1411 461 1470 quo
485 1392 612 1453 facilius
633 1392 845 1453 finitimerum
869 1393 1044 1470 equitatum
1068 1392 1247 1470 impedi-10

194 1493 273 1563 rent,
293 1489 411 1548 teneris
432 1489 595 1549 arboribus
617 1489 726 1548 incisis
747 1494 844 1566 atque
865 1489 998 1563 inflexis,
1018 1490 1194 1566 crebrisque

194 1585 228 1643 in
247 1585 448 1645 latitudinem
470 1586 567 1645 remis
588 1587 700 1661 enatis,
717 1591 749 1666 et
770 1586 857 1646 rubis
877 1586 1081 1663 sentibusque
1101 1586 1196 1645 inter·
1268 1585 1270 1588 ’

193 1682 294 1755 iactis,
316 1682 485 1742 effecerant
505 1689 542 1741 ut
562 1688 662 1742 instar
684 1683 845 1742 murthae
867 1702 977 1760 saepes
1003 1689 1196 1742 munimenta

194 1779 387 1856 praeberent,
408 1798 471 1856 quc
492 1786 555 1838 nen
577 1779 668 1838 modo
690 1787 754 1839 nen
778 1780 891 1840 intrari
916 1780 972 1839 scd
996 1798 1034 1838 ne
1059 1779 1195 1856 perspici

194 1876 322 1952 quidem
343 1882 458 1954 posset.
502 1877 563 1935 His
584 1876 676 1936 rebus
698 1894 770 1936 cum
787 1876 848 1935 iter
866 1876 1000 1952 agminis
1022 1875 1121 1935 nostri
1141 1875 1196 1934 im-
1219 1895 1246 1941 ¹5

193 1973 361 2050 pederetur,
381 1981 445 2034 nen
461 1973 672 2033 omittendum
692 1973 753 2033 sibi
769 1973 937 2032 censilium
958 1972 1196 2032 Nerviiexisti-

194 2076 367 2131 meverunt.

235 2186 376 2234 ldencns:
395 2191 481 2247 apina
494 2186 655 2246 commodas,
668 2184 693 2234 8.
760 2187 900 2244 cunelsto,
911 2190 959 2243 sto,
970 2184 995 2233 6.

235 2268 345 2327 (lengo,
359 2267 436 2329 elice.
760 2268 872 2326 lucido,
886 2267 986 2316 accido,

234 2351 399 2407 intercedo,
412 2350 570 2399 intervenio,
762 2352 874 2396 instar:
888 2348 990 2410 fiir-ma,
1001 2348 1157 2399 similitudo.

235 2432 387 2481 sarcinae:
405 2431 602 2492 impedimenta,
613 2444 707 2481 caera.
761 2432 878 2486 onusto,
891 2432 1007 2491 nepleqo.

236 2515 367 2574 adorior,
381 2514 530 2577 adureretur,
545 2513 584 2563 ll.
761 2514 913 2571 existimo,
920 2518 995 2574 puto.

239 2667 301 2726 The
322 2666 446 2727 Rornae
466 2666 736 2744 culupiapqrocad
756 2665 820 2723 aad
839 2665 886 2724 tlte
900 2666 1037 2740 position
1057 2666 1096 2739 os
1109 2664 1157 2723 tte

638 2781 749 2839 anerey.

234 2883 288 2951 18.
317 2885 394 2946 Luci
410 2891 522 2946 uetera
540 2890 607 2946 erat
626 2885 712 2960 haec,
730 2902 824 2962 quem
842 2884 947 2944 locum
965 2883 1065 2944 nostri
1083 2884 1195 2944 castris

195 2984 383 3060 delegerant.
413 2983 510 3045 Collis
522 2983 562 3043 ab
572 3000 694 3043 summo
705 2982 881 3060 aequaliter
890 2980 1196 3041 declivisadflemen

194 3080 309 3155 Sabim,
330 3081 415 3158 quod
436 3099 531 3158 supra
550 3080 792 3154 neminavimuS,
814 3080 970 3157 vergebat.
1012 3078 1065 3138 Ab
1085 3096 1121 3138 eo
1141 3077 1197 3137 fle·

194 3177 277 3237 mine
290 3178 359 3254 pari
374 3177 555 3237 adclivitete
570 3177 659 3237 collis
673 3177 868 3251 nascebatur,
880 3177 919 3236 ab
933 3176 1093 3254 superiere
1107 3181 1196 3253 parte

194 3273 349 3333 silvestris
367 3280 403 3333 ut
420 3282 483 3333 nen
501 3274 596 3334 facile
615 3274 771 3333 intrersus
791 3273 924 3351 perspici
944 3279 1061 3351 posset.
1104 3273 1196 3331 Intra
1217 3288 1231 3335 5

193 3388 246 3430 eas
266 3369 362 3430 silvas
381 3370 489 3430 hostes
508 3370 543 3429 in
564 3369 687 3431 occultu
709 3375 776 3429 sese
797 3370 1016 3444 continebant3
1038 3369 1072 3426 in
1086 3373 1195 3446 aperto
