2725 3759
558 212 590 259 Ο.
612 212 692 290 IUlaI
714 212 893 260 CAESARIS

250 379 343 454 bant3
365 379 466 438 nostri
485 384 599 455 autem,
614 378 643 438 si
659 379 700 439 ab
718 379 784 438 illis
803 378 931 438 initium
950 375 1135 449 transeundi
1156 375 1257 452 fieret,

250 481 286 534 ut
305 475 473 553 impeditos
493 477 745 553 adgrederentur,
761 475 864 553 parati
880 475 913 534 in
926 475 1022 535 armis
1037 480 1137 533 erant.
1174 476 1258 535 Inte

251 572 310 631 rim
324 572 442 649 proelio
457 572 597 650 equestri
612 574 695 631 inter
709 574 786 632 duas
802 573 883 632 acies
898 573 1155 634 contendebatur.
1191 575 1257 635 Ubi

251 669 355 727 neutri
379 669 564 729 transeundi
589 669 718 728 initium
743 669 874 745 faciunt,
902 670 1086 729 secundiore
1111 672 1257 750 equitum

214 794 224 841 5
251 766 370 843 proelio
391 766 507 825 nostris
532 765 646 827 Caesar
667 785 740 826 suos
765 767 798 825 in
822 773 927 826 castra
950 769 1085 829 reduxit.
1136 772 1257 832 Hostes

250 862 394 941 protinus
419 882 458 922 ex
483 881 519 922 eo
543 863 611 922 loco
635 863 676 923 ad
700 863 817 922 flumen
842 863 985 924 Axonam
1015 868 1255 944 contendenmt,

251 960 335 1038 quod
362 979 430 1020 esse
458 967 529 1038 post
557 966 666 1020 nostra
691 969 794 1020 castra
822 962 1070 1023 demonstratum
1098 971 1154 1025 est.
1205 967 1257 1025 Ibi
1338 1001 1339 1038 2

251 1058 340 1117 vadis
355 1059 488 1135 repertis
503 1065 624 1136 partem
642 1077 770 1117 suarum
790 1060 949 1137 copiarum
969 1063 1132 1123 traducere
1151 1063 1257 1123 conati
1338 1047 1339 1050 Ἴ

251 1161 326 1215 sunt
346 1174 382 1214 eo
407 1154 547 1230 consilio,
571 1161 616 1231 ut,
641 1155 668 1215 si
693 1157 829 1234 possent,
853 1159 1017 1219 castellum
1040 1160 1090 1219 cui
1112 1168 1257 1238 praeerat

203 1281 229 1313 ιο
251 1254 285 1323 Q.
301 1252 443 1312 Titurius
462 1252 585 1329 legatus
606 1263 822 1332 expugnarent
843 1261 1033 1335 pontemque
1053 1257 1258 1318 interscinde

252 1355 323 1408 rent
332 1370 340 1424 3
362 1348 508 1408 siminus
524 1350 712 1426 potuissent,
729 1371 820 1430 agros
835 1354 1006 1413 Remorum
1019 1354 1256 1432 popularentur,
1338 1387 1339 1402 κ

252 1445 306 1524 qui
321 1464 434 1522 magno
448 1446 538 1505 nobis
553 1447 625 1507 usui
640 1450 680 1508 ad
695 1449 814 1509 bellurn
829 1450 998 1527 gerendum
1012 1456 1111 1527 eraut,
1126 1470 1258 1512 comme

252 1548 369 1620 atuque
383 1549 508 1603 nostros
525 1543 735 1622 prohiberent.

293 1642 346 1708 ll).
373 1644 487 1705 Caesar
500 1645 615 1704 certior
629 1645 733 1705 factus
748 1646 787 1704 ab
802 1644 926 1703 Titurio
940 1663 1064 1704 omnem
1079 1645 1257 1723 equitatum

204 1769 228 1817 ις
253 1746 284 1801 et
311 1741 391 1801 levis
421 1748 596 1801 armaturae
622 1742 786 1815 Numidas,
811 1741 988 1801 funditores
1013 1743 1258 1822 sagittariosque
1338 1776 1339 1812 3

251 1845 379 1917 pontem
401 1839 539 1899 traducit
560 1844 654 1916 atque
676 1839 716 1899 ad
737 1857 789 1899 eos
810 1839 984 1899 contendit.
1022 1839 1149 1900 Acriter
1166 1840 1201 1899 in
1219 1860 1257 1900 eo
1338 1825 1339 1856 ³

251 1943 319 2002 loeo
347 1947 518 2020 pugnatum
550 1945 607 1999 est.
661 1939 780 1997 Hostes
808 1936 976 2014 impeditos
1007 1936 1109 1996 nostri
1140 1938 1173 1996 in
1201 1937 1258 1997 flu-

252 2040 335 2098 mine
353 2038 493 2115 adgressi
511 2056 658 2113 magnum
676 2054 782 2094 eorum
801 2052 965 2093 numerum
982 2034 1177 2093 occiderunt:
1200 2054 1258 2113 per

253 2160 357 2200 eorum
386 2158 515 2216 corpora
542 2135 679 2212 reliquos
708 2131 914 2192 audacissime
943 2130 1078 2190 transire
1107 2138 1259 2191 conantes

203 2268 231 2300 ιο
253 2240 456 2300 multitudine
471 2238 605 2297 telorum
621 2230 843 2308 reppulerunt;
863 2228 981 2305 primos
997 2226 1259 2306 qui-transierant

253 2337 396 2415 equitatu
416 2337 646 2396 circumventos
668 2325 904 2386 interfecerunt.
948 2325 1076 2399 Hostes,
1094 2325 1149 2384 ubi
1166 2330 1199 2385 et
1218 2326 1258 2385 de
1338 2347 1339 2350 ¹

252 2435 459 2513 expugnando
484 2431 599 2509 oppido
625 2432 658 2487 et
683 2425 722 2484 de
746 2422 876 2481 flumine
900 2424 1091 2482 transeundo
1113 2441 1201 2501 spem
1223 2441 1259 2482 se
1338 2415 1339 2456 ³

253 2531 408 2590 fefellisse
432 2529 658 2589 intellexerunt
683 2540 785 2600 neque
810 2525 933 2579 nostros
959 2520 992 2578 in
1017 2520 1119 2580 locum
1143 2519 1260 2597 iniqui·

253 2650 336 2691 orem
357 2630 502 2709 progredi
521 2626 682 2706 pugnandi
704 2641 798 2685 causa
815 2620 971 2691 viderunt,
989 2624 1083 2694 atque
1102 2617 1188 2694 ipsos
1207 2634 1257 2676 res
1338 2679 1339 2696 χ

203 2754 229 2803 25
252 2728 460 2787 frumentaria
478 2726 610 2786 deficere
630 2723 742 2800 coepit,
760 2720 893 2781 concilio
907 2720 1075 2776 convocato
1089 2713 1259 2773 constitue-

253 2830 328 2884 runt
352 2824 505 2901 optimum
530 2840 598 2882 esse
623 2821 750 2880 domum
776 2837 863 2878 suam
887 2832 1042 2894 quemque
1065 2810 1191 2883 reverti,
1214 2813 1256 2883 et,
1338 2863 1339 2874 ,

253 2941 386 2999 quorum
408 2920 441 2978 in
460 2919 538 2979 fines
559 2918 696 2997 primum
717 2915 853 2975 Romani
875 2911 1045 2973 exereitum
1067 2905 1259 2967 introduxis-
1338 2951 1339 2954 η

253 3024 333 3093 sent,
349 3019 388 3079 ad
403 3037 455 3077 eos
475 3015 688 3077 defendendos
708 3014 847 3091 undique
868 3010 1080 3081 convenirent,
1094 3009 1131 3063 ut
1150 3003 1256 3082 potius

253 3116 287 3175 in
302 3117 368 3176 suis
383 3135 477 3193 quam
495 3114 528 3173 in
542 3113 653 3173 alienis
671 3111 787 3170 finibus
808 3110 1005 3169 decertarent
1024 3110 1057 3164 et
1076 3100 1256 3162 domesticis

204 3242 232 3288 30
254 3214 353 3290 copiis
375 3212 420 3271 rei
441 3210 666 3271 frumentariae
687 3212 859 3267 uterentur.
904 3204 956 3264 Ad
977 3222 1044 3263 eam
1067 3198 1257 3262 sententiam
1338 3189 1339 3202 ¹

254 3329 325 3369 cum
339 3307 470 3384 reliquis
490 3306 592 3366 causis
609 3305 686 3364 haec
704 3320 827 3381 quoque
847 3301 927 3360 ratio
946 3318 999 3359 eos
1018 3297 1157 3373 deduxit,
1174 3298 1257 3375 quod
1311 3313 1313 3316 ·

255 3405 450 3465 Divitiacum
474 3407 568 3479 atque
590 3400 717 3460 Aeduos
742 3397 858 3457 finibus
884 3396 1123 3455 Bellovacorum
1150 3396 1259 3472 adpro
1338 3421 1339 3424 ¹
