2725 3759
611 239 710 298 BOOK
731 249 770 296 11.

253 450 285 510 A
306 452 396 511 bruce
416 449 492 511 desit
505 449 563 527 sot·
576 448 724 526 freedcm,
748 448 799 510 but
819 465 840 509 a
859 428 976 509 temolo
990 452 1066 526 sote.

203 571 261 637 33.
285 573 349 631 Sub
362 591 528 649 vesperum
546 562 662 633 Caesar
676 577 783 650 portas
802 571 907 632 claudi
924 571 1104 649 militesque
1124 591 1163 631 ex

162 669 278 747 oppido
305 674 389 728 exire
416 669 517 728 iossit.
562 668 722 746 Oppidoui
749 668 881 730 consilio
909 673 983 728 ente
1010 668 1100 744 inito,
1125 674 1162 728 ut

162 765 359 825 intelloctum
383 772 440 840 est,
463 766 547 843 qued
561 760 731 831 ,deditione
756 765 844 825 facta—
860 770 985 825 nostros
1006 765 1164 843 praesidia

92 925 96 931 ,
162 862 349 922 deductores
370 867 426 921 aut
446 862 580 940 donique
599 861 818 940 indiligentius
834 866 1014 922 servotoros
1028 861 1164 923 credide·

162 966 244 1032 rant,
259 958 356 1018 tertie
368 958 486 1036 vigilie,
502 978 565 1036 que
579 958 708 1018 minime
724 957 839 1018 arduus
860 959 901 1018 ed
920 964 1046 1019 nostras
1066 965 1163 1018 muni·
1184 975 1199 1021 5

162 1056 266 1115 tiones
287 1059 432 1115 asconsus
452 1055 628 1131 videbotur,
651 1055 795 1115 omnibus
817 1056 915 1134 copiis
936 1062 1099 1133 repentino
1124 1074 1163 1115 ex

162 1152 281 1230 oppido
300 1152 497 1229 oruptiouem
518 1154 669 1213 focorunt.
713 1151 873 1226 Celeriter,
896 1157 1027 1212 utente
1049 1153 1163 1214 Caesar

162 1248 341 1327 imperorat,
364 1249 489 1325 Ignibus
515 1249 743 1326 sIgnilicotione
769 1249 855 1309 iacta
879 1268 918 1309 ex
943 1249 1095 1327 proximis
1117 1267 1164 1309 ca-

72 1393 74 1404 ,
163 1346 265 1406 stellis
291 1363 327 1406 eo
349 1364 532 1406 concursum
553 1353 610 1406 est.
653 1345 705 1405 Ibi
726 1351 901 1424 pognotum
919 1351 968 1405 est
989 1345 1103 1405 ocriter
1124 1347 1164 1407 ab

163 1444 307 1504 hostibus
329 1442 364 1502 in
386 1446 527 1504 extrema
548 1462 603 1521 spe
627 1442 740 1503 salotis
763 1443 871 1520 iniquo
890 1443 960 1504 loco
981 1448 1091 1502 contre
1110 1461 1162 1503 eos
1187 1472 1215 1505 ιο

164 1539 219 1618 qui
233 1558 272 1600 ex
286 1541 370 1601 vollo
384 1540 586 1618 turribusque
600 1541 665 1604 tols
678 1537 825 1614 iacerent,
839 1557 908 1600 cum
923 1540 957 1599 in
972 1545 1035 1599 rina
1044 1538 1163 1600 virtrite

75 1650 76 1653 ’
162 1638 265 1699 omnis
293 1656 365 1716 spes
393 1636 504 1697 salotis
533 1637 728 1698 consisteret.
787 1636 904 1697 Occisis
932 1637 973 1696 ad
1000 1637 1163 1695 hominum

163 1734 289 1795 milibus
301 1739 450 1811 quattuor
460 1733 575 1812 reliqui
589 1734 622 1792 in
636 1734 788 1811 oppidum
804 1733 914 1793 reiecti
929 1738 1026 1797 suut.¹
1049 1734 1165 1793 Postri-

163 1830 216 1891 die
236 1828 386 1892 sius'diei
404 1831 548 1891 refroctis
564 1830 672 1908 portis,
688 1848 759 1890 oum
781 1831 844 1890 iem
865 1830 1048 1889 defenderet
1063 1836 1162 1904 nomo,

162 1934 257 2006 atque
273 1928 462 1988 intromissis
478 1927 631 1987 mllitibus
646 1927 763 1987 nostris
778 1926 950 1986 sectionem
967 1926 1034 1986 oius
1053 1926 1161 2004 oppidi
1187 1947 1214 1992 ις

162 2024 339 2085 universam
351 2013 469 2094 &cesar
482 2025 635 2084 vendidit.
677 2024 729 2083 Ab
744 2023 784 2083 iis
799 2024 854 2100 qui
869 2030 1010 2083 emerant
1025 2023 1164 2100 capitum

163 2139 311 2182 numerus
325 2122 365 2181 ad
379 2141 449 2181 eum
465 2122 583 2181 relotus
598 2127 647 2181 est
661 2121 785 2181 milium
799 2120 1029 2197 quinquoginta
1042 2119 1149 2178 trium.

188 2285 196 2306 ,Ι
244 2237 395 2296 intellego,
402 2236 545 2296 perspicio,
558 2234 599 2285 32.
713 2236 843 2293 eruptio,
857 2235 984 2291 excursio,
995 2232 1035 2281 30.

244 2319 383 2378 donique,
396 2319 499 2367 saltem.
714 2317 904 2377 sigemundo,
917 2317 1033 2377 siceum.

244 2400 447 2459 indiligenter,
461 2399 634 2461 ncoleccoter.
711 2401 844 2458 iniquus,
857 2398 1047 2447 incommodus.

245 2483 369 2541 arduus,
382 2480 506 2541 difficilis.
712 2482 879 2540 r'rnlversus,
894 2481 973 2530 totus.

244 2565 428 2623 repentinus,
439 2563 551 2613 subitus.
712 2565 819 2623 refero,
832 2562 964 2613 recoctio.

236 2708 289 2769 All
309 2710 356 2769 the
376 2712 528 2770 maritime
549 2710 672 2768 notiores
691 2710 803 2768 roomo
822 2717 852 2768 to
872 2710 920 2768 tlte
942 2709 1089 2769 Romans.

190 2813 193 2822 r

203 2829 261 2896 34.
283 2831 402 2892 Eodem
424 2836 564 2908 tempore
587 2848 606 2890 a
627 2830 662 2888 P.
687 2830 808 2903 Crasso,
832 2849 925 2906 quem
947 2848 1019 2889 oum
1040 2829 1163 2907 legione
1269 2855 1272 2860 ·

162 2934 225 2986 ona
244 2933 371 2987 miserat
391 2928 432 2987 ad
452 2927 599 3001 Venetos,
620 2923 763 3001 Unellos,
780 2925 929 3001 Osismos,
946 2926 1163 3003 Ouriosolitas,

162 3024 306 3098 Esurios,
327 3023 488 3097 Aulercos,
511 3024 666 3097 Redones,
688 3042 768 3100 quae
793 3029 868 3083 sunt
891 3023 1068 3083 maritimae
1092 3024 1165 3083 civi·

162 3125 245 3180 totos
260 3107 480 3196 Oceanumque
494 3120 663 3196 attingunt,
676 3120 792 3179 certior
806 3120 910 3179 factus
925 3124 974 3179 est
988 3139 1095 3179 omnes
1111 3139 1164 3180 eas

162 3215 307 3277 civitotes
328 3215 363 3275 in
383 3215 538 3276 dicionem
553 3220 806 3293 potestotemque
821 3215 930 3293 populi
944 3216 1081 3276 Romoui
1095 3235 1162 3276 esse
1186 3235 1200 3279 5

162 3312 313 3373 redootes.

141 3389 153 3409 ι
245 3426 375 3486 attingo,
388 3431 479 3488 canpe.
553 3426 803 3488 disrumperem.
878 3427 992 3487 redigo,
1001 3427 1080 3487 poco.
