2725 3759
191 184 235 246 40
560 197 591 243 o.
613 196 694 243 rum
716 194 895 243 onxsasrs

242 364 463 441 adaequarent,
488 367 521 423 ct
545 368 652 422 tamen
675 362 801 422 circiter
825 366 915 440 parto
942 359 1047 434 tertia,
1071 365 1110 419 ut
1136 364 1251 438 postea

242 466 442 539 perspectum
466 466 524 535 est,
546 459 649 519 celata
671 464 767 535 atque
791 457 826 517 in
849 456 966 535 oppido
990 462 1122 532 retenta,
1144 456 1250 535 portis

243 557 411 636 patefactis
426 575 463 617 eo
476 557 528 617 die
543 574 619 634 pace
634 561 710 615 sunt
723 554 782 614 usi.

284 652 342 718 33.
373 653 438 713 Sub
452 671 618 732 vesperum
632 652 746 713 Caesar
760 656 868 730 portas
887 649 993 711 claudi
1011 649 1193 727 militesque
1208 668 1250 709 ex

209 775 221 822 ς
243 750 359 828 oppido
373 750 459 809 exire
473 749 575 824 iussit,
591 767 629 808 ne
644 767 739 826 quam
753 753 850 808 noctu
862 747 1014 826 oppidani
1032 747 1072 806 ab
1090 745 1248 806 militibus

244 847 392 906 iniuriam
412 846 599 924 acciperent.
642 844 699 904 Illi
719 853 792 905 ante
813 844 903 920 inito,
917 849 955 905 ut
975 843 1174 904 intellectum
1187 851 1247 920 est,

244 942 384 1018 consilio,
409 944 495 1021 quod
517 942 676 1003 deditione
699 943 786 1004 facta
808 948 934 1002 nostros
957 940 1115 1019 praesidia
1136 940 1250 1001 deduc-
1341 967 1342 986 i

244 1045 332 1100 turos
347 1045 402 1099 aut
416 1040 552 1117 denique
566 1039 786 1116 indiligentius
800 1045 980 1099 servaturos
999 1037 1250 1099 crediderant-

244 1136 359 1214 partim
384 1155 456 1196 oum
479 1136 520 1196 iis
544 1154 624 1213 quae
652 1134 847 1195 retinuerant
874 1139 907 1195 et
934 1134 1113 1195 celaverant
1141 1133 1248 1209 armis,

197 1255 224 1286 ιο
246 1234 361 1310 partim
382 1233 481 1293 scutis
506 1252 546 1292 ex
569 1231 686 1294 cortice
710 1231 805 1292 factis
828 1238 885 1292 aut
909 1231 1079 1291 viminibus
1103 1230 1247 1307 intextis,

246 1348 325 1406 quae
339 1330 453 1404 subito,
464 1337 501 1389 ut
515 1330 666 1408 temporis
681 1328 837 1405 exiguitas
851 1328 1040 1407 postulabat,
1052 1327 1189 1406 pellibus
1203 1328 1251 1386 in·
1341 1393 1342 1412 χ

246 1426 556 1487 duxerant-tertia
569 1425 688 1503 vigilia,
704 1444 767 1503 qua
782 1425 912 1485 minime
926 1425 1042 1485 arduus
1062 1425 1104 1483 ad
1124 1431 1249 1485 nostras
1341 1463 1342 1476 η

246 1524 437 1584 munitiones
451 1542 598 1584 ascensus
612 1523 788 1597 videbatur,
803 1521 949 1581 omnibus
966 1521 1065 1599 copiis
1082 1521 1249 1599 repentino

247 1639 286 1679 ex
306 1621 422 1699 oppido
442 1620 639 1699 eruptionem
660 1621 813 1679 fecerunt.
856 1618 1017 1693 Celeriter,
1033 1623 1070 1677 ut
1088 1624 1161 1678 ante
1176 1619 1250 1679 Cae·

199 1742 223 1790 ¹5
247 1736 298 1777 sar
318 1717 496 1795 imperarat,
518 1717 643 1794 ignibus
668 1714 899 1793 significatione
923 1715 1009 1775 facta
1032 1734 1073 1774 ex
1095 1714 1249 1792 proximis
1291 1755 1294 1760 -

246 1815 386 1874 castellis
407 1833 444 1874 eo
464 1832 650 1874 coneursum
666 1820 724 1888 est,
740 1818 977 1890 pugnatumque
990 1813 1031 1872 ab
1043 1811 1188 1871 hostibus
1203 1811 1251 1871 ita

247 1913 362 1971 acriter
385 1917 435 1971 est
460 1916 498 1970 ut
525 1929 545 1970 a
567 1910 646 1970 viris
670 1909 809 1970 fortibus
833 1909 867 1967 in
892 1916 1033 1969 extrema
1055 1927 1111 1986 spe
1136 1907 1249 1968 salutis
1341 1917 1342 1922 ’

247 2009 357 2086 iniquo
370 2008 438 2068 loco
452 2014 562 2067 contra
575 2025 628 2067 eos
643 2007 699 2085 qui
719 2026 759 2066 ex
780 2006 865 2066 vallo
878 2005 1081 2083 turribusque
1095 2004 1160 2065 tela
1173 2005 1251 2065 iace

248 2112 319 2164 rent
345 2104 478 2183 pugnari
506 2104 623 2180 debuit,
648 2123 720 2165 curn
747 2103 782 2163 in
809 2121 873 2163 una
899 2103 1019 2162 virtuto
1046 2100 1148 2162 omnis
1176 2119 1249 2179 spes

197 2232 227 2262 20
248 2201 360 2261 salutis
380 2201 574 2286 consisteret.
617 2201 737 2263 Occisis
762 2201 802 2260 ad
826 2200 988 2259 hominum
1008 2198 1137 2258 milibus
1162 2204 1251 2275 quat·

248 2304 320 2359 tuor
333 2285 449 2376 reliqui
462 2300 497 2356 in
510 2298 784 2377 oppidum-reiecti
798 2302 883 2358 sunt.
923 2295 1083 2356 Postridie
1103 2295 1171 2354 eius
1186 2294 1251 2354 diei

248 2396 393 2456 refractis
414 2396 523 2473 portis,
538 2414 608 2455 cum
630 2395 693 2454 iam
713 2395 897 2454 defenderet
918 2412 1017 2466 nemo,
1039 2397 1135 2469 atque
1156 2391 1251 2451 intro-

248 2493 353 2553 missis
367 2492 523 2552 militibus
538 2493 656 2551 nostris
671 2491 842 2551 sectionem
859 2491 927 2550 eius
947 2488 1056 2567 oppidi
1069 2488 1250 2548 universam

248 2590 362 2650 Caesar
376 2589 528 2648 vendidit.
571 2590 622 2648 Ab
642 2589 683 2647 iis
705 2588 760 2666 qui
781 2592 922 2647 emerant
943 2586 1083 2664 capitum
1102 2604 1249 2646 numerus

198 2710 225 2755 ²5
249 2686 372 2744 adeum
387 2685 504 2745 relatus
519 2690 568 2744 est
583 2685 706 2744 milium
720 2683 950 2762 quinquaginta
963 2683 1069 2743 trium.
1087 2727 1089 2731 r

290 2781 348 2847 34.
376 2782 493 2839 Eodem
516 2787 656 2858 tempore
681 2801 700 2840 a
720 2782 755 2839 P.
778 2782 899 2854 Crasso,
921 2799 1015 2858 quem
1035 2800 1107 2840 cum
1126 2779 1249 2857 legione

248 2898 313 2938 una
331 2877 460 2936 miserat
481 2878 521 2937 ad
541 2879 689 2952 Venetos,
710 2876 852 2952 Unellos,
868 2877 1017 2953 Osismos,
1033 2876 1248 2952 Coriosolitas,

248 2974 393 3048 Esuvios,
415 2973 575 3049 Aulercos
598 2976 753 3049 Redones,
775 2993 855 3051 quae
880 2980 955 3033 sunt
979 2973 1155 3033 maritimae
1178 2973 1251 3033 civi·

248 3080 331 3134 tates
357 3075 576 3150 Oceanumque
594 3072 773 3147 attingunt,
799 3070 914 3130 certior
938 3072 1042 3130 factus
1066 3075 1116 3130 est
1143 3087 1249 3129 omnes

199 3193 228 3239 30
248 3190 301 3230 eas
322 3170 469 3231 civitates
490 3169 525 3228 in
544 3168 701 3229 dicionem
721 3172 975 3245 potestatemque
991 3166 1102 3245 populi
1115 3165 1250 3226 Romani

248 3286 317 3327 esse
331 3267 482 3326 redactas.
581 3297 583 3302 >
