2725 3759
108 172 149 232 36
474 179 505 225 o.
529 178 607 225 ruer
630 176 809 242 cumanis

157 351 261 405 castra
284 343 605 422 compleri,·logiones
628 342 729 421 premi
753 348 786 402 et
810 361 909 421 paene
932 342 1161 403 circumventas

156 442 268 517 teneri,
294 442 427 515 calones,
453 441 585 519 equites,
613 440 800 515 funditores,
827 439 993 515 Numidas,
1019 440 1160 501 diversos

157 538 390 616 dissipatosque
411 538 444 597 in
466 557 573 598 omnes
593 544 700 615 partes
715 537 825 614 fugere
840 538 1004 612 vidissent,
1019 539 1162 615 despera

156 634 199 694 tis
215 635 332 694 nostris
354 636 447 695 rebus
468 635 595 694 domum
610 634 857 710 contenderunt3
880 635 1038 694 Romanos
1054 634 1160 711 pulsos

121 757 132 805 5
157 738 391 809 superatosque,
407 732 519 792 castris
541 730 839 809 impedimentisque
860 749 966 790 eorum
982 729 1091 790 hostes
1110 750 1162 808 po

156 829 233 888 titos
249 828 373 888 civitati
386 828 655 888 renuntiaverunt.

198 925 255 990 25.
284 926 399 985 Caesar
419 926 459 985 ab
479 925 617 985 decimae
636 924 769 1002 legionis
791 924 1006 985 cohortatione
1027 924 1068 983 ad
1089 924 1162 983 dex-

156 1029 240 1081 trum
255 1041 351 1082 cornu
365 1023 535 1099 profectus
551 1021 604 1081 ubi
619 1040 692 1082 suos
708 1022 812 1098 urgeri
827 1022 990 1099 signisque
1010 1020 1044 1079 in
1063 1040 1160 1079 unum

155 1120 258 1179 locum
273 1119 406 1179 conlatis
421 1118 621 1179 duodecimae
636 1118 770 1195 legionis
784 1119 943 1178 confertos
959 1117 1076 1177 milites
1098 1117 1159 1177 sibi

109 1240 135 1270 ιο
156 1217 241 1294 ipsos
277 1217 317 1275 ad
351 1234 489 1294 pugnam
523 1234 591 1275 esse
626 1215 852 1292 impedimento
885 1214 1159 1291 vidit—quartae

156 1313 293 1373 cohortis
315 1312 459 1372 omnibus
482 1312 718 1372 centurionibus
739 1311 850 1372 occisis
876 1312 1091 1388 signiferoque
1115 1311 1160 1369 in·

156 1410 298 1485 terfect0,
325 1409 414 1486 signo
442 1410 565 1483 amisso,
593 1409 784 1486 reliquarum
812 1408 988 1468 cohortium
1013 1408 1159 1468 omnibus

156 1507 223 1566 fere
244 1505 479 1567 centurionibus
501 1513 555 1566 aut
578 1505 750 1565 vulneratis
771 1511 827 1565 aut
847 1505 967 1579 occisiS,
983 1505 1016 1563 in
1033 1505 1084 1564 his
1099 1505 1160 1582 pri·

156 1603 267 1682 mipilo
287 1604 323 1662 P.
347 1602 455 1662 Sextio
479 1603 606 1678 Baculo,
630 1603 804 1663 fortissimo
826 1603 902 1677 viro,
925 1602 1034 1662 multis
1058 1602 1159 1678 gravi-

108 1718 132 1765 ι5
155 1701 277 1778 busque
304 1699 486 1759 vulneribus
513 1700 658 1760 confecto
687 1706 724 1760 ut
751 1701 815 1759 iam
845 1719 878 1759 se
910 1700 1064 1759 sustinere
1095 1718 1159 1758 non

157 1805 271 1875 posset,
293 1797 430 1874 reliquos
453 1815 522 1857 esse
541 1798 703 1872 tardiores,
724 1802 757 1856 et
779 1796 947 1856 nonnullos
967 1795 1006 1856 ab
1027 1796 1160 1855 novissi·

156 1894 216 1955 mis
231 1895 354 1954 deserto
369 1894 488 1972 proelio
509 1894 657 1954 excedere
678 1913 714 1955 ac
731 1894 796 1954 tela
809 1894 920 1969 vitare,
935 1894 1042 1954 hostes
1056 1912 1159 1970 neque

155 2011 175 2053 a
197 1992 302 2050 fronte
323 2010 362 2050 ex
383 1977 621 2052 inferiore'loco
642 1992 811 2052 subeuntes
828 1992 1044 2063 intermittere
1065 1996 1098 2050 et
1118 1991 1159 2050 ab

154 2096 290 2167 utroque
317 2090 416 2150 latere
444 2090 571 2165 instare,
597 2097 629 2151 et
657 2110 721 2151 rem
749 2112 818 2153 esse
846 2092 880 2151 in
907 2097 1041 2168 angusto
1066 2090 1157 2165 vidit,

107 2216 135 2247 20
155 2202 257 2264 neque
287 2187 387 2246 ullum
417 2206 486 2247 esse
514 2188 690 2248 subsidium
718 2191 802 2267 quod
830 2189 975 2250 submitti
1001 2193 1160 2265 posset-

157 2288 246 2343 scuto
260 2284 300 2344 ab
314 2283 493 2344 novissimis
508 2284 564 2344 uni
579 2286 675 2346 militi
690 2287 840 2360 detracto,
856 2287 940 2363 quod
954 2285 1021 2363 ipse
1035 2304 1072 2345 eo
1090 2285 1158 2344 sine

156 2386 245 2441 scuto
272 2387 411 2457 venerat,
441 2381 474 2439 in
502 2382 635 2459 primam
663 2384 761 2443 aciem
788 2384 942 2461 processit
971 2382 1159 2443 centurioni-

156 2479 275 2556 busque
294 2478 480 2538 nominatim
500 2479 667 2557 appellatis
685 2480 823 2558 reliquos
841 2481 1022 2540 cohortatus
1041 2479 1158 2538 milites

155 2576 247 2651 signa
273 2575 390 2634 inferre
419 2580 452 2635 et
479 2577 655 2653 manipulos
683 2577 790 2638 laxare
818 2577 920 2652 iussit,
945 2595 1008 2654 quo
1033 2576 1158 2636 facilius

106 2694 131 2741 ²5
155 2671 268 2747 gladiis
290 2671 338 2730 uti
359 2678 496 2748 possent.
540 2673 636 2733 Cuius
651 2674 790 2733 adventu
811 2694 866 2752 spe
887 2676 988 2735 inlata
1001 2675 1157 2734 militibus

155 2786 191 2827 ao
206 2767 418 2844 redintegrato
432 2769 546 2843 animo,
562 2788 632 2829 cum
654 2790 711 2847 pro
733 2790 765 2830 se
788 2773 921 2850 quisque
938 2773 971 2831 in
989 2778 1159 2849 conspectu

155 2863 355 2942 imperatoris
376 2865 471 2924 etiam
493 2866 526 2924 in
548 2868 697 2927 extremis
715 2868 780 2928 suis
796 2870 887 2929 rebus
902 2888 1028 2947 operam
1042 2886 1171 2932 navare⁴

156 2968 291 3039 cuperet,
308 2962 436 3038 paulum
450 2962 589 3023 hostium
604 2964 741 3044 impetus
756 2966 899 3026 tardatus
914 2974 971 3026 est.

198 3057 255 3123 26.
285 3059 490 3119 Caesareum
511 3062 678 3139 septimam
699 3062 862 3137 legionem,
879 3082 958 3139 quae
980 3062 1069 3121 iuxta
1089 3081 1159 3121 con·

107 3177 135 3220 30
156 3155 292 3229 stiterat,
308 3156 385 3213 item
405 3159 510 3234 urgeri
532 3161 571 3218 ab
592 3160 681 3217 hoste
698 3159 839 3231 vidisset,
856 3160 998 3217 tribunos
1020 3158 1158 3217 militum

156 3250 278 3309 monuit
299 3259 337 3310 ut
357 3254 510 3328 paulatim
532 3273 599 3314 sese
621 3254 761 3329 legiones
783 3254 1008 3330 coniungerent
1032 3262 1064 3313 et
1088 3274 1160 3313 con-

156 3365 247 3406 versa
268 3347 358 3423 signa
382 3348 415 3407 in
439 3350 545 3409 hostes
571 3349 733 3409 inferrent.
777 3351 844 3419 Quo
869 3351 961 3423 facto,
984 3370 1054 3409 cum
1075 3351 1158 3409 alius
