2725 3759
109 176 153 240 34
466 185 498 233 0.
521 185 601 234 IULI
622 184 801 235 chranum

160 351 230 413 fieri
243 356 404 430 oporteret
417 370 480 411 non
494 351 599 412 minus
613 352 774 413 commode
792 352 855 432 ipsi
873 353 934 415 sibi
953 354 1165 433 praescribere

161 467 256 527 quam
274 449 313 508 ab
332 448 405 508 aliis
423 449 528 508 doceri
549 454 712 527 poterant3
734 455 767 509 et
785 451 869 528 quod
888 452 929 511 ab
946 470 1039 530 opere
1060 453 1166 531 singn-

160 546 263 623 lisqne
283 544 459 621 legionibus
481 545 622 621 singulos
643 545 764 623 legatos
785 549 900 608 Caesar
919 548 1080 609 discedere
1100 552 1165 611 nisi

160 641 292 701 munitis
307 641 418 701 castris
433 647 586 701 vetuerat.
629 642 676 702 Hi
695 650 825 722 propter
842 645 1112 725 propinquitatem
1131 656 1164 710 et

125 769 137 817 5
160 738 353 820 celeritatem
368 738 508 798 hostium
522 738 605 797 nihil
619 738 682 799 iam
697 740 840 801 Caesaris
857 741 1024 821 imperium
1040 765 1165 827 exspec-

160 836 279 909 tabant,
295 835 351 894 sed
364 854 421 912 per
435 853 469 894 se
483 854 562 912 quae
577 834 766 896 videbantur
779 839 1051 903 administrabant.

202 931 256 998 21.
285 933 399 993 Caesar
414 931 599 992 necessariis
615 933 707 992 rebus
721 933 884 1013 imperatis
901 939 942 998 ad
955 940 1163 1003 cohortandos

161 1032 279 1091 milites
304 1050 398 1109 quam
422 1030 457 1089 in
480 1036 603 1109 partem
627 1033 694 1092 fors
719 1033 835 1094 obtulit
857 1036 1035 1097 decucurrit
1062 1046 1096 1099 et
1122 1040 1165 1100 ad

160 1132 316 1210 legionem
345 1131 497 1191 decimam
522 1131 659 1192 devenit.
703 1131 824 1193 Milites
849 1152 912 1193 non
935 1134 1076 1212 longiore
1099 1156 1165 1197 ora-

113 1255 140 1286 10
160 1230 247 1289 tione
261 1229 443 1289 cohortatus
459 1248 554 1306 qnam
574 1229 624 1289 uti
644 1248 720 1290 suae
740 1229 893 1308 pristinae
907 1231 1036 1293 virtutis
1051 1252 1165 1293 memo

161 1326 241 1386 riam
265 1325 436 1385 retinerent
461 1344 523 1385 nen
547 1327 807 1405 perturbarentur
830 1319 935 1388 animo
961 1329 1164 1409 hostiumque

161 1425 313 1504 impetum
336 1424 464 1484 fortiter
485 1424 690 1499 sustinerent,
712 1425 797 1502 qnod
820 1444 884 1484 non
906 1425 1032 1503 longius
1055 1427 1163 1488 hostes

162 1522 291 1582 aberant
305 1540 400 1598 quarn
413 1540 476 1599 quo
489 1521 590 1582 telum
603 1521 686 1582 adici
701 1526 815 1600 posset,
830 1522 931 1600 proeli
945 1524 1164 1584 committendi

162 1618 286 1695 signum
300 1619 398 1679 dedit.
435 1618 542 1697 Atque
556 1619 590 1679 in
604 1618 737 1679 alteram
751 1625 874 1697 partem
888 1618 965 1679 item
978 1619 1164 1680 cohortandi

115 1717 436 1794 15cansaprofectns
461 1716 675 1794 pugnantibus
699 1716 843 1776 occurrit.
886 1717 1049 1795 Temporis
1072 1722 1166 1778 tanta

162 1815 226 1875 fnit
246 1814 403 1891 exiguitas
423 1813 626 1891 hostiumque
646 1819 714 1873 tam
734 1819 864 1891 paratus
887 1815 928 1873 ad
952 1813 1165 1874 dimicandum

162 1912 293 1985 animus,
317 1917 355 1971 ut
382 1930 446 1970 non
469 1911 561 1970 modo
586 1911 627 1970 ad
650 1910 789 1987 insignia
811 1911 1083 1986 adcommodanda,
1108 1914 1165 1973 sed

162 2009 258 2070 etiam
283 2010 323 2069 ad
349 2008 452 2085 galeas
477 2007 653 2068 induendas
679 2007 841 2084 scutisque
864 2007 1039 2084 tegimenta
1061 2009 1165 2068 detru-

163 2106 265 2166 denda
278 2112 403 2184 tempus
417 2104 563 2165 defuerit.
606 2105 706 2175 Quam
721 2103 856 2182 quisque
872 2105 912 2164 ab
928 2124 1021 2184 opere
1042 2104 1077 2165 in
1097 2125 1166 2185 par·

112 2232 141 2263 ιο
162 2209 228 2264 tem
254 2222 329 2264 casu
356 2201 484 2262 devenit
507 2220 649 2280 quaeque
677 2200 781 2280 prima
808 2201 899 2278 signa
925 2202 1099 2280 conspexit,
1123 2203 1166 2263 ad

162 2301 239 2361 haec
261 2298 413 2375 constitit,
436 2316 476 2359 ne
498 2298 532 2358 in
554 2298 743 2377 quaerendis
764 2297 830 2358 suis
853 2298 1015 2376 pugnandi
1037 2305 1164 2379 tempus

162 2397 346 2459 dimitteret.
783 2395 789 2404 ’

204 2494 261 2560 22.
289 2496 451 2553 Instructo
466 2493 606 2554 exercitu
620 2493 720 2571 magis
741 2498 778 2552 ut
798 2492 859 2553 loci
881 2497 995 2552 natura
1014 2492 1167 2554 deiectus·

163 2611 224 2669 que
248 2592 337 2652 collis
359 2595 391 2650 et
412 2590 584 2650 necessitas
605 2591 756 2668 temporis
778 2608 872 2668 quam
892 2595 930 2649 ut
950 2589 996 2649 rei
1016 2590 1164 2650 militaris

113 2710 139 2757 25
162 2688 244 2767 ratio
258 2693 352 2764 atque
367 2687 442 2746 ordo
456 2687 646 2763 postulabat,
659 2704 728 2745 cum
744 2687 879 2746 diversis
893 2686 1070 2764 legionibus
1084 2687 1165 2747 aliae

162 2783 227 2843 alia
250 2782 284 2841 in
307 2790 396 2861 parte
421 2782 564 2841 hostibus
590 2780 783 2854 resisterent,
809 2783 1017 2862 saepibusque
1044 2784 1165 2844 densis·

163 2878 262 2954 simis,
290 2884 326 2938 ut
354 2882 427 2938 ante
456 2874 749 2949 demonstravimus,
778 2877 953 2939 interiectis
981 2888 1165 2961 prospectus

163 2976 378 3054 impediretur,
394 2992 496 3051 neque
516 2979 603 3033 certa
622 2973 765 3033 subsidia
784 2974 947 3049 conlocari,
966 2996 1067 3055 neque
1088 2979 1166 3055 quid

162 3073 198 3133 in
221 3092 344 3151 quaque
371 3077 463 3150 parte
489 3090 568 3148 opus
596 3076 680 3130 esset
709 3070 877 3148 provideri,
906 3091 1009 3149 neque
1037 3073 1076 3132 ab
1102 3093 1166 3134 uno

112 3194 141 3239 30
162 3170 269 3230 omnia
288 3168 421 3246 imperia
440 3167 654 3227 administrari
679 3172 838 3245 poterant.
885 3168 999 3246 Itaque
1022 3169 1056 3229 in
1076 3176 1167 3230 tanta

163 3285 268 3326 rerum
290 3265 469 3342 iniquitate,
484 3265 631 3324 fortunae
656 3282 781 3342 quoque
805 3270 938 3325 eventus
959 3266 1041 3325 varii
1060 3284 1167 3344 seque-

163 3363 285 3422 bantur.
