2725 3759
163 179 205 239 24
525 186 556 233 G.
579 185 658 233 mur
680 184 859 232 cassatus
877 207 880 212 r

212 356 253 415 ad
266 354 440 414 exercitum
451 352 546 412 venit
577 352 641 411 Dat
657 351 818 428 negotium
832 351 1009 411 Senonibus
1023 351 1218 431 reliquisque

213 452 324 526 Gallis,
345 451 401 528 qui
422 449 551 508 finitimi
571 448 679 524 Belgis
702 455 800 521 erant,
819 448 868 507 uti
893 467 1031 525 eaquae
1055 449 1139 527 apud
1164 468 1217 509 eos

213 555 362 625 gerantur
381 552 569 624 cognoscant
590 564 687 622 seque
708 545 747 604 de
769 544 819 602 his
842 546 934 603 rebus
956 545 1121 604 certiorem
1143 544 1218 605 faci-

212 653 276 705 ant.
313 645 358 703 Hi
375 650 556 704 constanter
570 660 678 700 omnes
698 641 924 700 nuntiaverunt
944 660 1054 700 manus
1074 641 1152 718 c'ogi,
1166 660 1218 700 ex-

176 771 188 819 5
214 744 345 804 ercitum
360 743 393 801 in
408 761 506 801 unum
522 740 625 799 locum
640 738 779 798 conduci.
822 739 904 797 Tum
918 758 992 798 vero
1009 739 1217 798 dubitandum

212 861 276 900 non
289 836 485 900 existimarit
499 837 577 915 quin
591 836 632 896 ad
645 855 698 895 eos
716 834 975 914 proficisceretur.
1018 836 1066 896 Re
1080 837 1219 896 frumen-

212 938 295 998 taria
308 944 486 1016 comparata
502 943 606 997 castra
626 942 732 996 movet
752 935 926 1014 diebusque
946 936 1073 997 circiter
1089 937 1220 1016 quinde-

213 1037 274 1096 cim
287 1037 327 1096 ad
341 1036 420 1096 fines
435 1037 603 1113 Belgarum
612 1034 774 1113 pervenit.

253 1133 288 1199 3.
316 1135 363 1194 Eo
388 1153 458 1193 cum
484 1135 522 1193 de
547 1133 727 1211 improviso·
742 1132 937 1210 celeriusque
959 1133 1044 1192 omni
1069 1134 1218 1212 opinione

163 1259 191 1291 ιο
213 1232 362 1305 venisset,
382 1232 484 1304 Remi,
502 1230 557 1308 qui
580 1230 715 1309 proximi
739 1230 862 1291 Galliae
883 1250 923 1290 ex
943 1231 1050 1308 Belgis
1072 1237 1156 1305 sunt,
1176 1232 1219 1291 ad

212 1347 285 1387 eum
304 1312 425 1404 legatos
445 1329 563 1387 Iccium
580 1333 613 1387 et
631 1328 918 1387 Andocumborium
937 1328 1056 1405 primos
1075 1327 1218 1387 civitatis

212 1425 367 1485 miserunt
381 1425 436 1502 qui
451 1425 608 1485 dicerent:
631 1426 688 1484 ‘Se
711 1443 828 1501 suaque
843 1425 948 1484 omnia
965 1425 998 1483 in
1012 1425 1107 1484 fidem
1121 1430 1218 1502 atque

211 1521 246 1580 in
263 1527 453 1598 potestatem
471 1523 580 1599 populi
600 1521 736 1581 Romani
758 1519 950 1599 permittere,
968 1542 1069 1600 nequo
1090 1541 1124 1582 se
1145 1541 1218 1582 cum

212 1619 321 1695 Belgis
345 1619 476 1697 reliquis
500 1620 696 1679 consensisse
722 1638 823 1696 neque
848 1625 958 1683 contra
980 1619 1131 1697 populum
1156 1620 1219 1678 Ro

164 1742 188 1790 ις
214 1734 341 1774 manum
365 1715 553 1791 coniurasse,
576 1723 764 1793 paratosque
789 1733 858 1774 esse
882 1720 916 1774 et
939 1716 1063 1775 obsides
1088 1717 1162 1775 darc
1183 1722 1218 1776 et

213 1812 366 1891 imperata
384 1813 487 1872 facere
507 1818 539 1872 et
557 1812 681 1890 oppidis
702 1813 839 1890 recipere
860 1819 893 1872 et
915 1813 1073 1872 frumento
1092 1813 1219 1872 ceteris-

212 1929 272 1986 que
292 1910 385 1969 rebus
405 1909 529 1984 iuvare;
551 1908 689 1986 reliquos
708 1928 816 1969 omnes
835 1910 949 1987 Belgas
969 1910 1003 1968 in
1022 1910 1117 1969 armis
1136 1928 1215 1986 esse,

213 2008 448 2083 Germanosque
472 2006 527 2084 qui
555 2008 600 2066 cis
630 2007 777 2066 Rhenum
805 2008 945 2067 incolant
969 2026 1039 2067 sese
1065 2026 1137 2067 oum
1164 2007 1217 2067 his

212 2102 421 2177 coniunxisse,
437 2109 623 2182 tantumque
642 2123 711 2164 esse
733 2123 838 2163 eorum
858 2104 997 2164 omnium
1019 2105 1158 2164 furorem
1178 2110 1217 2164 ut

161 2229 190 2259 20
214 2220 252 2260 ne
268 2199 450 2260 Suessiones
465 2202 599 2278 quidem,
613 2202 728 2261 fratres
744 2201 1050 2280 consanguineosque
1065 2220 1147 2275 suos,
1159 2201 1218 2278 qui

211 2299 321 2358 eodem
342 2298 410 2357 inre
434 2303 466 2358 et
492 2299 591 2358 isdem
615 2298 738 2375 legibus
764 2304 903 2373 utantur,
926 2318 1035 2367 unum.
1048 2298 1218 2376 imperium

211 2415 372 2473 unumque
393 2396 612 2471 magistratum
634 2415 705 2454 cum
726 2396 803 2473 ipsis
824 2395 970 2470 habeant,
989 2397 1146 2455 deterrere
1163 2414 1219 2473 po-

211 2492 332 2550 tuerint
347 2492 424 2569 quin
440 2512 510 2552 cum
524 2492 574 2550 his
588 2493 825 2552 consentirent!

252 2587 287 2653 4.
316 2588 395 2649 Cum
410 2589 449 2648 ab
462 2589 512 2648 his
528 2594 693 2665 quaereret
713 2608 792 2666 quae
807 2589 952 2649 civitates
968 2594 1166 2666 quantaeque
1180 2589 1218 2648 in

160 2685 308 2758 251armis
333 2691 440 2743 essent
464 2690 496 2743 et
520 2685 595 2762 quid
620 2685 654 2742 in
677 2685 760 2744 bello
786 2693 924 2763 possent,
950 2685 996 2745 sic
1020 2686 1216 2762 reperiebat:

211 2781 377 2857 plerosque
405 2781 519 2857 Belgas
543 2800 612 2841 esse
636 2787 721 2841 ortos
748 2783 786 2842 ab
813 2783 979 2843 Germanis
1005 2781 1216 2859 Rhenumque

210 2877 388 2954 antiquitus
408 2880 568 2939 traductos
589 2884 719 2957 propter
738 2879 800 2939 loci
823 2879 1024 2939 fertilitatem
1045 2878 1089 2938 ibi
1111 2897 1218 2938 conse·

211 2974 295 3034 disse
311 2975 482 3054 Gallosque
496 2976 551 3053 qui
565 2996 602 3036 ea
615 2978 684 3038 loca
700 2979 871 3039 incolerent
890 2979 1056 3058 expulisse,
1068 2978 1217 3054 solosque

211 3090 278 3132 esse
293 3072 349 3149 qui
363 3079 489 3149 patrum
502 3080 681 3134 nostrorum
697 3077 854 3152 memoria,
872 3077 956 3137 omni
972 3076 1077 3137 Gallia
1090 3080 1215 3150 vexata,

160 3198 189 3241 30
212 3170 370 3229 Teutonos
392 3170 594 3248 Cimbrosque
616 3173 701 3231 intra
721 3173 800 3233 fines
823 3194 895 3233 suos
921 3173 1044 3250 ingredi
1068 3172 1217 3250 prohibu·

210 3265 310 3339 erint3
340 3285 402 3341 qua
423 3285 462 3323 ex
485 3287 517 3325 re
539 3267 607 3325 fieri
628 3269 676 3327 uti
699 3289 806 3328 earum
831 3289 934 3328 rerum
958 3269 1109 3328 memoria
1132 3288 1217 3345 mag-

211 3380 283 3419 nam
303 3361 364 3420 sibi
384 3362 602 3422 auctoritatem
623 3383 814 3444 magnosque
834 3366 964 3442 spiritus
985 3365 1066 3425 inre
1081 3365 1215 3425 militari
